2872 5016
544 260 568 306 2.
606 255 827 306 ΙΛΙΔΔΟΣΒ
926 331 934 343 Ι

137 406 171 474 έν
190 403 299 496 πεδίῳ
321 402 507 488 άπάνευθε,
531 408 730 499 περίδρομος
751 404 834 475 ἔνθα
856 408 913 474 καὶ
936 404 1035 487 ἔνθα,

138 508 194 596 τήν
215 500 236 596 ή
257 533 311 575 τοι
334 504 449 595 άνδρες
471 509 631 578 Βατίειαν
653 510 896 599 κικλήσκουσιν,

137 607 303 677 άθάνατοι
325 610 363 676 δέ
384 634 419 675 τε
440 612 529 698 σῆμα
549 610 828 699 πολυσκάρθμοιο
851 609 1015 698 Μυρίνης·

84 740 122 778 815
137 708 223 777 ἔνθα
243 709 320 777 τότε
346 709 454 796 Τρῶές
474 736 510 777 τε
531 710 701 799 διέκριθεν
723 708 776 800 ἠδ’
800 709 980 798 ἐπίκουροι.

184 812 294 898 Τρωσὶ
315 811 374 895 μὲν
395 807 567 899 ήτεμόνευε
587 812 691 895 μένας
712 809 933 900 κορυθαίολος
946 809 1069 900 Ἕκτωρ

139 910 344 1001 Πριαμίδης·
367 910 436 997 ἅμα
457 914 505 1000 τῷ
525 937 563 978 τε
584 913 670 978 πολύ
693 913 845 978 πλεῖστοι
867 910 925 978 καὶ
947 907 1075 997 άριστοι

139 1015 215 1081 λαοὶ
236 1012 468 1101 θωρήσσοντο,
490 1011 653 1097 μεμαότες
667 1011 838 1101 έτχείησιν.

183 1112 379 1202 Δαρδανίων
400 1108 472 1181 αὖτ’
493 1105 587 1202 ἦρχεν
608 1112 662 1193 ἐύς
682 1109 946 1195 πάιςἈνχίσαο
1005 1114 1008 1120 ’

86 1243 125 1281 ιω
143 1213 295 1295 Αἰνείας,
318 1216 376 1283 τόν
396 1211 456 1281 ύπ)
477 1212 612 1306 Ἀτχίσρ
635 1214 709 1281 τέκε
731 1211 776 1281 δῖ’
800 1211 996 1304 Ἀφροδίτη,

137 1316 230 1406 Ἴδης
251 1316 285 1384 έν
307 1321 458 1406 κνημοῖσι
479 1317 546 1383 θεά
568 1318 676 1403 βροτῷ
698 1312 888 1406 εύνηθεῖσα,
930 1332 932 1336 ’

142 1416 200 1485 οὐκ
222 1412 306 1499 οἷος,
330 1416 399 1502 ἅμα
420 1420 468 1505 τῷ
488 1443 526 1483 τε
549 1417 616 1484 δύω
641 1415 834 1504 Ἀντήνορος
855 1408 918 1497 υίε,

141 1517 330 1607 Ἀρχέλοχός
351 1517 382 1585 τ’
405 1516 553 1602 Ἀκάμας
573 1544 620 1599 τε,
643 1517 749 1607 μάχης
771 1517 805 1584 ἒύ
826 1518 957 1586 τειδότε
978 1520 1096 1608 πάσης.

183 1616 220 1688 οἳ
239 1622 277 1686 δὲ
297 1621 435 1688 Ζέλειαν
456 1617 565 1688 ἔναιον
586 1616 671 1687 ὑπαί
694 1621 786 1687 πόδα
808 1618 935 1689 νείατον
946 1619 1037 1710 ’Ίδης

87 1746 126 1786 ωε
140 1721 282 1812 άφνειοί,
306 1718 455 1800 πίνοντες
476 1720 563 1809 ὕδωρ
583 1723 687 1805 μέλαν
708 1718 905 1810 Λίσήποιο,

146 1826 266 1912 Τρῶες,
289 1823 353 1888 τῶν
375 1817 445 1888 αύτ)
468 1816 546 1909 ἦρχε
566 1821 744 1900 Λυκάονος
765 1819 887 1902 άνλαδς
907 1821 978 1902 υίός

141 1925 329 2010 Πάνδαρος,
353 1915 380 2010 ᾧ
402 1922 458 1987 καὶ
480 1922 574 2002 τόξον
592 1920 764 1990 Ἀπόλλων
787 1920 886 2002 αύτδς
907 1921 1036 1991 ἔδωκεν.

185 2020 221 2091 οἳ
241 2019 271 2089 δ’
295 2019 512 2111 Ἀδρήστειάν
532 2020 563 2090 τ’
587 2017 674 2106 εἶχον
695 2024 752 2090 καί
775 2024 879 2112 δῆμον
896 2020 1062 2091 Ἀπαισοῦ

142 2126 199 2193 καί
219 2124 380 2192 Πιτύειαν
402 2121 475 2207 ἔχον
496 2126 554 2192 καὶ
580 2123 718 2215 Τηρείης
739 2120 814 2212 όρος
837 2122 935 2209 αἰπύ,

88 2259 128 2300 ευο
142 2229 205 2295 τῶν
226 2221 297 2317 ἦρχ’
318 2222 502 2316 ’Ἀδρηστός
522 2252 559 2293 τε
579 2229 636 2294 καί
655 2224 803 2317 ’Ἀμφιος
823 2226 1022 2318 λινοθαίρηξ,

141 2323 191 2396 υίε
214 2328 281 2396 δύω
303 2327 465 2418 Μέροπος
486 2327 691 2416 Περκωσίου,
715 2324 753 2408 δς
774 2328 853 2416 περὶ
875 2330 1007 2397 πάντων

139 2429 223 2523 κήδη
246 2428 463 2517 μαντοσύνας,
486 2426 565 2497 ούδδ
585 2431 664 2510 τούς
685 2431 811 2510 παῖδας
831 2426 948 2499 ἔασκεν

141 2531 280 2616 στείχειν
301 2530 336 2611 ές
355 2531 502 2616 πόλεμον
523 2530 723 2622 φθισήνορα.
767 2533 815 2598 τά
838 2533 875 2601 δέ
895 2559 952 2602 τοι
976 2531 1015 2602 ού
1037 2562 1071 2603 τι

141 2633 347 2722 πειθέσθην·
370 2635 465 2722 κῆρες
485 2634 548 2722 πάρ
571 2629 651 2701 άνον
671 2635 811 2718 μέλανος
830 2635 1007 2704 θανάτοιο.

87 2766 125 2806 ιω
184 2731 220 2804 οἳ
240 2732 270 2801 δ’
295 2731 358 2825 άρα
379 2733 555 2824 Περκώτην
576 2736 634 2803 καὶ
655 2735 821 2822 Πράκτιον
843 2733 1069 2825 ἀμφενέμοντο

141 2838 198 2905 καί
219 2837 344 2923 Σηστόν
364 2836 422 2903 καὶ
441 2832 585 2922 Ἀβύδου
606 2834 680 2919 ἔχον
701 2837 758 2904 καὶ
780 2841 855 2905 δῖαν
875 2835 1045 2930 Ἀρίσβην,

140 2941 205 3007 τῶν
227 2932 307 3005 αὖθ’
327 2934 521 3029 Ὑρτακίδης
542 2931 612 3028 ἦρχ’
634 2936 763 3020 Ἀσιας,
786 2936 929 3026 ύρχαμος
952 2939 1090 3030 ἀνδρῶν,

137 3038 254 3120 ’Ἀσιας
271 3037 478 3129 Ὑρτακίδης,
501 3035 760 3131 ὃνἈρίσβηθεν
782 3040 881 3128 φέρον
903 3043 1009 3110 ἵπποι

143 3140 287 3222 α’ίθωνες
307 3140 459 3226 μενάλοι,
482 3149 634 3226 ποταμοῦ
657 3137 726 3207 άπο
747 3140 948 3230 Σελλήεντος.

89 3273 128 3313 εω
179 3240 365 3320 Ἱππόθοος
388 3238 418 3307 δ’
442 3237 501 3306 &se
523 3242 610 3331 φύλα
630 3241 812 3308 Πελασιῶν
833 3242 1072 3337 ένχεσιμιύρων,

141 3347 206 3412 τῶν
228 3339 264 3412 οἳ
283 3341 442 3430 Λάρισαν
462 3339 650 3430 έριβυίλακα
672 3343 895 3412 ναιετάασκον.

141 3455 207 3514 τῶν
226 3439 298 3535 ἦρχ’
317 3440 505 3523 Ἱππόθοός
525 3468 562 3510 τε
583 3443 730 3523 Πυλαῖός
749 3440 782 3510 τ>
804 3441 881 3526 όζος
900 3444 1033 3538 Ἀρηος,

143 3541 193 3615 υἷε
216 3547 283 3614 δύω
305 3545 448 3634 Λήθοιο
469 3547 645 3614 Πελασνοῦ
671 3547 888 3631 Τευταμίδαο.

186 3646 288 3736 αύτάρ
313 3647 459 3737 Θρήικας
479 3639 531 3737 ἦν’
557 3644 706 3732 Ἀκάμας
727 3647 784 3713 καί
805 3647 948 3738 Πείροος
969 3649 1068 3739 ἥρως,

89 3776 129 3816 ιιι
145 3749 264 3830 όσσους
281 3747 521 3839 Ἑλλήσποντος
542 3746 703 3838 άνάρροος
724 3748 815 3829 ἐντὸς
836 3749 970 3837 ένέρνει.

185 3848 344 3941 Εύφημθς
366 3849 396 3918 δ’
421 3848 521 3940 άρχδς
542 3850 692 3919 Κικόνων
714 3843 752 3939 ἦν
774 3846 977 3940 αἰχμητάων,

144 3952 217 4034 υίδς
243 3952 434 4042 Τροιζήνοιο
456 3952 649 4043 διοτρεφέος
669 3950 816 4019 Κεάδαο.

186 4049 289 4143 αύτάρ
310 4050 502 4142 Πυραίχμης
524 4049 584 4120 άνε
605 4050 754 4132 Παίονας
775 4048 1011 4137 άνκυλοτόξους

143 4155 286 4245 τηλόθεν
307 4153 344 4236 ἐξ
365 4150 565 4238 Ἀμυδῶνος,
590 4151 652 4222 ἀπ’
676 4151 791 4236 Ἀξιοῦ
813 4155 885 4245 εύρύ
908 4158 1046 4246 ῥέοντος,

89 4288 130 4329 ειυ
145 4256 260 4339 Ἀξιοῦ
282 4249 320 4324 ού
341 4255 516 4324 κάλλιστον
536 4254 624 4345 ύδωρ
647 4254 863 4324 ἐπικίδναται
885 4251 970 4324 αἶαν.

186 4357 415 4448 Παφλανόνων
436 4354 470 4426 δ’
491 4356 601 4448 ήνεῖτο
622 4358 845 4444 Πυλαιμένεος
865 4357 979 4428 λάσιον
1000 4366 1061 4452 κῆρ
