2872 5016
211 277 230 342 3
620 280 642 326 1.
680 275 900 328 ιΛιΑΔοειι

211 427 302 497 ίστδν
322 428 539 520 ἐποιχομένην
560 431 616 496 καὶ
639 429 718 513 ἐμὸν
740 428 833 511 λέχος
855 426 1048 498 ἀντιόωσαν.

212 527 282 597 ἀλλ’
304 528 372 613 ίθι,
395 531 440 620 μή
461 528 499 617 μ’
523 531 660 618 ἐρέθιζε,
684 529 847 618 σαώτερος
869 530 914 612 ὡς
936 557 973 599 κε
994 531 1114 623 νέηαι.”

254 623 299 713 ὦς
322 631 428 723 ἔφατ’,
451 630 576 700 ἔδεισεν
599 632 631 698 δ’
655 629 673 698 ὁ
696 632 798 719 κέρων
819 632 876 698 καὶ
898 632 1057 701 ἐπείθετο
1077 634 1191 724 μύθηι,

213 741 255 823 βή
282 731 313 800 δ’
338 731 444 800 ἀκέιον
466 736 558 820 παρά
580 740 662 801 θῖνα
685 732 947 821 πολυφλοίσβοιο
968 735 1149 826 θαλάσσης.

174 866 200 906 οε
214 837 323 903 πολλά
347 832 379 901 δ’
403 831 512 902 ἔπειτ’
535 832 707 901 ἀπάνευθε
728 834 809 899 κιών
830 830 928 922 ἠρᾶθ’
952 834 970 900 ὁ
992 837 1126 923 νεραιός

213 935 402 1004 Ἀπόλλωνι
425 938 575 1018 νάνακτι,
598 937 655 1002 τόν
677 932 822 1024 ήύκομος
842 937 916 1002 τέκε
938 937 1052 1025 Λητιό.

208 1022 338 1105 ἴ’κλῦθί
358 1065 432 1125 μεν,
457 1034 655 1127 ἀρτερότοξ,
679 1031 718 1116 δς
739 1037 871 1125 Χρύσην
894 1034 1127 1128 ἀμφιβέβηκας

212 1140 338 1207 Κίλλαν
359 1167 394 1208 τε
418 1140 551 1230 ζαθέην,
580 1137 736 1206 Τενέδοιό
759 1163 794 1204 τε
815 1145 892 1227 εἶφι
913 1139 1103 1221 τανάσσεις,

212 1248 369 1326 Σμινθεῦ.
415 1240 449 1309 εἰ’
468 1243 553 1308 ποτέ
573 1266 626 1305 τοι
648 1237 790 1325 χαρίεντ’
813 1239 872 1305 ἐπί
894 1241 971 1328 νηόν
993 1237 1114 1331 ἔρεψα,

175 1337 238 1432 ιοή
260 1340 289 1410 εἰ
311 1343 353 1433 δή
376 1345 459 1410 ποτέ
479 1368 534 1409 τοι
556 1343 640 1407 κατά
663 1338 766 1407 πίονα
786 1337 876 1429 μηρί’
903 1337 984 1430 ἔκηα

211 1444 338 1530 ταύρων
359 1441 412 1532 ἠδ’
437 1442 547 1523 αίνῶν,
570 1441 649 1508 τόδε
669 1467 727 1525 μοι
749 1442 886 1531 κρήηνον
907 1441 1065 1530 ἐτέλδωρ·

212 1543 340 1611 τίσειαν
363 1544 491 1611 Δαναοὶ
514 1544 578 1628 ἐμά
601 1545 726 1631 δάκρυα
748 1548 836 1609 σοῖσι
859 1541 1039 1629 βέλεσσιν.”

256 1638 300 1724 ὧς
323 1642 416 1735 ἔφατ’
438 1643 617 1729 εὐχόμενος,
640 1652 698 1711 τοῦ
720 1646 757 1711 δέ
778 1645 852 1711 κλύε
875 1652 998 1733 Φοῖβος
1018 1644 1201 1728 Ἀπόλλων,

214 1750 257 1837 βῆ
280 1747 318 1814 δέ
339 1742 410 1814 κατ’
435 1744 630 1832 Ούλύμποιο
651 1746 795 1834 καρήνων
815 1747 980 1832 χιοόμενος
1000 1757 1076 1839 κῆρ,

168 1872 194 1911 ιε
212 1846 281 1929 τόξ’
304 1845 448 1933 ἀίμοισιν
469 1845 549 1930 ἔχων
572 1845 767 1938 ἀμφηρεφέα
789 1873 824 1914 τε
846 1848 1026 1939 φαρέτρην·

212 1947 370 2032 έλλανξαν
392 1949 423 2018 δ’
447 1946 498 2038 ἀρ’
523 1947 631 2018 ὀιστοὶ
654 1947 710 2016 ἐπ’
732 1947 829 2034 ὤμων
849 1954 1039 2037 χωομένοιο.

215 2049 297 2134 ἕζετ’
318 2050 422 2121 ἔπειτ’
445 2050 616 2120 ἀπάνευθε
637 2054 722 2131 νεών,
744 2054 828 2137 μετὰ
851 2051 882 2120 δ’
906 2051 957 2120 ίδν
979 2052 1085 2142 έηκεν·

215 2155 306 2242 δεινή
329 2155 366 2222 δέ
387 2156 509 2244 κλανιή
532 2151 634 2222 τίνετ’
658 2153 832 2241 ἀρτερέοιο
853 2160 952 2239 βιοῖο.

173 2277 200 2315 ⁵⁰
216 2252 337 2344 ούρῆας
356 2256 416 2341 μέν
438 2259 566 2346 πρῶτον
588 2256 735 2344 ἐπηίχετο
757 2257 814 2322 καὶ
837 2255 935 2335 κύνας
958 2252 1092 2342 ἀρνσύς,

216 2353 318 2443 αύτάρ
341 2354 447 2424 ἔπειτ’
472 2355 601 2424 αύτοῖσι
624 2357 722 2443 βέλος
744 2356 915 2438 ἐχεπευκὲς
937 2353 1045 2446 ἐφιείς

215 2454 322 2541 βάλλ’·
346 2455 412 2524 αἰεὶ
437 2458 474 2526 δέ
496 2461 599 2546 πυραὶ
622 2459 740 2525 νεκύων
761 2456 893 2523 καίοιτο
914 2461 1067 2541 θαμεῖαι.

257 2557 395 2647 ἐννῆμαρ
417 2558 477 2644 μέν
500 2555 562 2626 ἀνδ
583 2560 721 2647 στρατόν
744 2556 846 2648 η’ίχετο
868 2558 953 2646 κήλα
974 2562 1087 2637 θεοῖο,

212 2661 251 2749 τῇ
275 2658 397 2749 δεκάτη
421 2658 452 2726 δ’
475 2658 632 2750 ἀτορήνδε
653 2662 838 2728 καλέσσατο
859 2660 938 2725 λαδν
957 2656 1140 2741 Ἀχιλλεύς·

172 2779 199 2822 σε
214 2762 263 2848 τῷ
283 2761 346 2849 νάρ
368 2759 428 2827 ἐπὶ
450 2764 549 2852 φρεσὶ
570 2765 657 2852 θήκε
679 2764 744 2828 θεά
766 2759 960 2838 λευκώλενος
971 2756 1075 2849 Ἥρη·

215 2861 335 2950 κήδετο
356 2863 419 2949 νάρ
443 2865 597 2944 Δαναῶν,
621 2862 673 2929 ὅτι
696 2869 737 2952 ῥα
758 2861 962 2950 θνήσκοντας
983 2858 1092 2949 ὁρᾶτο.

215 2959 249 3029 οἳ
268 2960 298 3030 δ’
321 2962 397 3030 ἐπεὶ
421 2959 477 3030 σύν
498 2959 640 3054 ήτερθεν
662 2961 834 3054 όμηνερέες
854 2987 891 3028 τε
911 2963 1059 3045 πένοντο,

215 3071 306 3132 τοῖσι
329 3062 361 3131 δ’
385 3061 599 3151 ἀνιστάμενος
619 3064 743 3154 μετέφη
766 3063 876 3143 πόδας
898 3058 984 3143 ιόκδς
1004 3061 1172 3146 Ἀχιλλεύς

211 3163 400 3257 ’(Ἀτρεΐδη,
425 3170 480 3235 νῦν
501 3163 589 3254 ἀμμε
612 3167 714 3233 πάλιν
735 3164 968 3250 πλανχθέντας
989 3163 1049 3234 όίιο

174 3287 200 3328 ον
216 3262 269 3359 ἀφ
291 3264 545 3358 ἀπονοστήσειν,
569 3267 605 3336 εί
623 3295 677 3336 κεν
697 3268 845 3335 θάνατόν
865 3293 903 3334 νε
924 3267 1097 3358 φύνοιμεν,

216 3369 245 3437 εἰ
269 3371 308 3458 δή
332 3367 414 3454 ὁμοῦ
436 3371 581 3455 πόλεμός
602 3396 638 3437 τε
660 3371 749 3460 δαμᾷ
771 3373 827 3436 καὶ
849 3371 967 3454 λοιμός
987 3365 1149 3453 Ἀχαιούς.

217 3468 285 3537 ἀλλ’
308 3466 367 3538 ἀτε
389 3470 432 3561 δή
453 3497 528 3538 τινα
549 3472 667 3558 μάντιν
689 3469 834 3557 ἐρείομεν
854 3467 877 3558 ἢ
898 3467 990 3560 ἱερῆα

187 3651 192 3657 ,
215 3566 237 3660 ἢ
258 3571 315 3638 καὶ
339 3568 554 3659 ὀνειροπόλον
576 3572 648 3655 (καὶ
670 3571 731 3658 νάρ
754 3568 783 3637 τ’
808 3569 885 3659 όναρ
907 3572 944 3639 ἐκ
960 3570 1054 3650 ,Διός
1075 3569 1192 3650 ἐστιν),

215 3668 250 3753 ὃς
271 3671 372 3764 νείπη
397 3672 449 3741 ότι
470 3673 588 3741 τόσσον
610 3673 754 3756 ἐχώσατο
776 3680 901 3760 Φοῖβος
922 3671 1108 3752 Ἀπόλλων,

178 3770 242 3863 οεή
264 3771 293 3840 τ’
317 3770 368 3862 ἀρ’
393 3771 465 3841 ὅτ’
488 3773 629 3865 εὐχωλῆς
649 3773 877 3865 ἐπιμέμφεται
898 3772 918 3865 ή
939 3772 973 3842 θ’
995 3770 1191 3861 ἑκατόμβης,

215 3872 250 3944 εἴ
267 3875 324 3944 κέν
339 3901 412 3956 πως
432 3878 558 3962 ταρνῶν
579 3875 691 3967 κνίσης
714 3875 815 3944 αἰτῶν
835 3902 871 3945 τε
892 3874 1025 3944 τελείων

213 3980 370 4061 βούλεται
393 3973 552 4058 ἀντιάσας
572 3977 652 4069 ήμιν
674 3975 744 4046 ἀπὸ
764 3981 875 4047 λοινὸν
896 3969 1046 4061 ἀμύναι.”

254 4076 274 4171 ή
295 4107 349 4149 τοι
372 4081 391 4149 ό
412 4075 445 4146 τ’
468 4070 513 4160 ὦς
533 4083 660 4149 τειπιδν
681 4079 749 4149 κατ’
773 4079 827 4170 ἀρ’
853 4080 953 4162 ἕζετο,
976 4080 1065 4145 τοῖσι
1088 4075 1121 4146 δ’
1144 4076 1260 4168 ἀνέστη

212 4183 346 4271 Κάλχας
369 4182 579 4274 Θεστορίδης,
604 4182 814 4252 οἰωνοπόλων
836 4178 887 4264 ὄχ’
912 4177 1059 4267 ἀριστος,

244 4408 277 4459 47
296 4405 382 4461 αὐτοῦ
393 4409 568 4472 κινηθέντος·
583 4403 598 4461 δ
612 4405 641 4461 δ’
657 4406 698 4474 ἤιε
711 4407 789 4462 νυκτὶ
800 4402 939 4466 νενοικώς.
