2872 5016
608 260 631 306 2.
670 254 892 307 ΙΛΙΑΔΟΣΒ
964 296 966 300 .

195 405 395 496 σμερδαλέον
416 405 602 497 κονάβησαν
625 405 792 475 άυσάντων
812 404 873 475 ὑπ’
897 404 1041 492 Ἀχαιῶν
1063 450 1103 459 -

141 537 181 578 εει
195 511 305 596 μῦθον
326 507 563 599 ἐπαινήσαντες
582 507 759 601 Ὀδυσσῆος
773 509 896 579 θείοιο.

193 618 282 681 τοῖσι
304 611 342 680 δέ
363 611 422 679 καὶ
441 613 616 697 μετέεειπε
636 612 792 703 Γερήνιος
813 607 947 678 ἱππότα
961 610 1096 702 Νέστωρ

189 711 243 782 “ῶ
264 713 390 797 πόποι,
413 705 435 804 ή
456 716 495 804 δή
519 715 621 783 παισὶ
643 713 832 794 τετοικότες
854 713 1047 802 άτοράασθε

194 816 382 908 νηπιάχοις,
407 807 458 896 οἷς
481 813 520 885 οὑ
540 844 575 884 τι
595 817 687 902 μέλει
709 814 876 905 πολεμήια
897 819 1007 903 τέρεα.

196 926 248 1010 πῇ
269 920 307 1010 δή
331 917 507 987 συνθεσίαι
528 919 643 986 τεκαὶ
666 917 764 1007 ὅρκια
785 919 925 1006 βήσεται
946 915 1041 1007 ήμιν,·

142 1052 182 1091 υω
196 1021 230 1089 ἐν
251 1022 333 1111 πυρί
355 1023 395 1111 δή
417 1021 537 1107 βουλαί
558 1046 594 1089 τε
614 1018 761 1088 νενοίατο
782 1019 891 1109 μήδεά
912 1017 945 1086 τ’
968 1017 1092 1106 ἀνδρῶν

197 1122 343 1192 σπονδαί
362 1120 394 1190 τ’
416 1119 554 1214 άκρητοι
576 1123 634 1190 καὶ
656 1119 778 1204 δεξιαί,
800 1114 841 1212 ής
862 1121 1064 1206 ἐπέπιθμεν.

198 1222 303 1308 α’άτως
324 1227 386 1312 πάρ
408 1221 564 1294 τεπέεσσ’
587 1222 808 1312 ἐριδαίνομεν,
832 1220 911 1290 οάδέ
930 1248 965 1290 τι
986 1225 1089 1312 μῆχος

197 1326 366 1419 εὑρέμεναι
388 1329 594 1414 δυνάμεσθα,
619 1328 722 1395 πολὺν
741 1324 855 1414 χρόνον
876 1322 996 1392 ἐνθάδ’
1017 1324 1132 1405 ἐόντες.

195 1428 360 1522 Ἀτρείδη,
383 1433 422 1500 οὑ
445 1428 479 1499 δ’
501 1427 567 1512 ἔθ’,
591 1427 635 1510 ῶς
656 1425 748 1514 πρίν,
776 1424 857 1512 έχων
880 1423 1052 1518 άστεμφέα
1073 1429 1194 1518 βουλήν

144 1561 184 1602 ιω
198 1529 308 1623 άρχευ’
328 1530 511 1625 Ἀρτείοισι
533 1533 618 1599 κατά
640 1531 796 1620 κρατερὰς
818 1527 966 1614 ὑσμίνας,

196 1634 315 1703 τοάσδε
337 1632 369 1702 δ’
391 1633 430 1703 έα
451 1632 650 1727 φθινύθειν,
675 1632 732 1699 ένα
754 1633 811 1698 καὶ
834 1632 906 1713 δυό,
929 1629 983 1699 τοί
1004 1658 1059 1699 κεν
1078 1629 1213 1717 Ἀχαιῶν

196 1737 316 1827 νόσφιν
337 1735 516 1824 βουλεύωσ’
539 1732 674 1817 (άνυσις
696 1732 726 1802 δ’
751 1731 810 1801 οὐκ
832 1731 964 1802 έσσεται
986 1732 1107 1816 αὐτῶν)

197 1835 442 1928 πρὶνἈρι-οσδ
467 1835 550 1903 ἰέναι
572 1835 652 1923 πρὶν
674 1838 729 1900 καὶ
753 1838 838 1914 Διὸς
860 1834 1025 1916 αἰτιόχοιο

196 1939 359 2024 τνῶμεναι
379 1934 401 2026 ή
422 1963 459 2003 τε
480 1937 607 2023 ψεῶδος
628 1929 867 2024 ὑπόσχεσιςήε
888 1936 945 2002 καὶ
968 1933 1050 2004 οὐκί.

146 2064 185 2103 ιω
199 2041 287 2128 φημὶ
308 2040 370 2128 τδρ
394 2030 450 2104 οὖν
472 2039 668 2104 κατανεῦσαι
690 2031 870 2123 ὑπερμενέα
896 2035 1068 2123 Κρονίωνα

198 2137 302 2230 ήματι
323 2143 385 2229 τῷ,
410 2137 466 2208 ὅτε
487 2139 598 2229 νηυσὶν
619 2138 653 2205 έν
675 2134 900 2225 ὠκυπόροισιν
922 2135 1054 2224 ἔβαινον

197 2239 343 2330 Ἀρτεῖοι
370 2240 519 2332 Τρώεσσι
540 2241 641 2332 φόνον
662 2240 718 2307 καὶ
741 2243 825 2329 κῆρα
847 2240 1013 2329 φέροντες,

198 2342 398 2434 άστράπτων
419 2342 572 2427 ἐπιδέξι’,
596 2341 752 2429 ἐναίσιμα
773 2343 904 2433 σήματα
926 2341 1061 2432 φαίνων.

196 2448 246 2534 τῷ
268 2445 315 2536 μή
335 2473 387 2527 τις
408 2447 489 2535 πρὶν
510 2445 700 2515 ἐπειτέσθω
721 2443 874 2513 τοικόνδε
895 2443 1034 2512 νέεσθαι

143 2578 182 2617 εει
197 2547 276 2638 πρίν
296 2575 370 2616 τινα
392 2549 462 2638 πάρ
488 2547 607 2638 Τρώων
629 2547 739 2636 άλόχηι
762 2550 1067 2637 κατακοιμηθῆναι,

195 2650 360 2719 τίσασθαι
383 2650 413 2720 δ’
433 2649 557 2741 Ἑλένης
580 2649 752 2740 ὁρμήματά
773 2675 809 2716 τε
830 2648 990 2733 στοναχάς
1010 2676 1056 2717 τε.

196 2752 226 2822 εἰ
248 2753 288 2821 δέ
307 2780 360 2835 τις
381 2754 555 2834 έκπάτλως
577 2753 688 2822 ἐθέλει
710 2750 860 2819 εοικόνδε
881 2750 1032 2834 νέεσθαι,

196 2853 358 2924 ἁπτέσθω
379 2859 439 2946 νής
460 2859 534 2947 νηὸς
556 2851 751 2941 έυσσέλμοιο
771 2851 939 2944 μελαίνης,

195 2953 283 3049 όφρα
305 2956 435 3046 πρόσθ’
459 2955 565 3027 άλλων
586 2959 734 3026 θάνατον
756 2955 814 3022 καί
837 2955 966 3040 πότμον
987 2954 1127 3044 έπίσπη.

142 3086 182 3126 τεο
196 3056 279 3127 άλλά
301 3062 406 3144 εάναξ
426 3059 524 3142 αὑτός
544 3059 575 3128 τ’
597 3061 632 3129 έύ
654 3057 760 3147 μήδεο
783 3054 905 3123 πείθεό
926 3053 958 3119 τ’
981 3052 1085 3142 άλλφ·

197 3156 234 3229 οὑ
255 3185 310 3230 τοι
333 3159 522 3252 άπόβλητον
543 3161 645 3240 εέπος
667 3157 815 3234 ἔσσεται,
840 3154 912 3221 ὅττι
933 3180 970 3221 κε
991 3155 1108 3222 τείπω.

194 3259 277 3349 κρῖν’
300 3258 424 3350 άνδρας
445 3263 528 3327 κατά
550 3262 652 3350 φῦλα,
675 3257 760 3323 κατά
782 3253 941 3346 φρήτρας,
964 3253 1180 3345 Ἀτάμεμνον,

195 3359 241 3443 ῶς
261 3362 387 3454 φρήτρη
412 3360 599 3453 φρήτρηφιν
621 3357 739 3450 άρήτη,
762 3360 850 3449 φῦλα
872 3359 909 3426 δέ
930 3359 1057 3450 φύλοις.

195 3461 225 3531 εἰ
247 3463 285 3532 δέ
306 3487 361 3530 κεν
383 3455 428 3543 ῶς
449 3462 566 3552 εέρξης
586 3461 646 3530 καί
665 3486 720 3528 τοι
741 3459 930 3530 πείθωνται
952 3461 1099 3548 Ἀχαιοί,

140 3596 179 3636 εει
192 3563 335 3633 τνῶσεαι
356 3561 474 3634 ἔπειθ’
498 3563 535 3644 ὅς
556 3562 595 3632 θ’
618 3561 782 3654 ήτεμόνων
803 3565 904 3645 κακός
926 3563 962 3646 ὅς
983 3566 1020 3635 τέ
1040 3595 1075 3635 νυ
1097 3570 1185 3636 λαῶν

192 3661 248 3754 ήδ’
270 3664 307 3746 δς
329 3663 360 3734 κ’
383 3667 508 3746 έσθλδς
529 3664 616 3758 έζησι·
640 3666 723 3733 κατά
745 3668 848 3758 σφέας
869 3668 932 3756 τὰρ
953 3670 1145 3754 μαχέονται·

193 3767 334 3836 τνῶσεαι
357 3766 389 3836 δ’
411 3763 432 3858 ή
456 3771 514 3838 καί
536 3768 702 3860 θεσπεσίη
726 3769 828 3838 πόλιν
850 3767 910 3837 οάκ
932 3769 1117 3856 άλαπάξεις

193 3861 215 3957 ή
237 3866 361 3958 άνδρῶν
383 3871 541 3962 κακότητι
564 3873 621 3938 καὶ
645 3869 794 3963 άφραδίη
817 3871 1010 3957 πολέμοιο.”

234 3970 292 4037 τδν
313 3968 347 4038 δ’
369 3968 641 4060 άπαμειβόμενος
663 3972 814 4064 προσέφη
837 3973 953 4062 κρείιον
973 3973 1184 4063 Ἀταμέμνων

139 4065 236 4165 τιο“ή
255 4074 319 4164 μήν
340 4067 412 4142 αὖτ’
435 4072 538 4166 άτορή
559 4083 666 4167 νικᾷς,
689 4074 797 4165 τέρον,
820 4068 895 4158 υἷας
920 4075 1072 4162 Ἀχαιῶν.

193 4171 223 4243 εἰ
243 4175 321 4264 κάρ,
344 4179 409 4245 Ζεῦ
431 4202 467 4244 τε
488 4175 594 4266 πάτερ
607 4177 675 4262 (καὶ
696 4173 858 4268 Ἀθηναίη
882 4182 941 4248 καὶ
960 4178 1139 4265 Ἀπολλον,

191 4278 340 4346 τοιοῦτοι
364 4278 444 4346 δέκα
464 4302 526 4363 μοι
547 4277 799 4368 συμφράδμονες
820 4272 885 4347 είεν
907 4279 1066 4367 Ἀχαιῶν·

189 4385 239 4470 τῷ
260 4404 297 4447 κε
318 4375 394 4462 τάχ’
415 4376 552 4468 ήμάσειε
573 4378 674 4460 πόλις
694 4379 866 4469 Πριάμοιο
887 4382 1048 4466 τάνακτος
