2872 5016
192 304 220 348 W
654 306 819 349 PRAEFATIO

275 454 407 516 Primum
422 453 508 534 igitur
523 473 625 516 versus
646 457 763 536 spurios
779 456 1013 535 aliquammultos
1029 458 1134 529 notavi,
1149 477 1200 518 eos
1217 458 1291 518 dun-

191 593 267 648 taxat
283 586 387 665 quibus
402 585 543 664 exemptis
559 595 660 665 poetae
674 589 718 648 vel
733 588 824 649 oratio
841 589 933 649 lenius
947 590 1092 668 profluere
1107 589 1149 649 vel
1165 589 1291 650 narratio

192 718 286 798 aptius
302 718 465 779 continuari
485 719 638 780 videretur.
669 720 707 780 ita
727 721 804 780 enim
820 721 950 798 proiecto
970 740 1017 781 res
1034 740 1065 780 se
1079 721 1166 781 habet
1180 730 1226 792 ut,
1247 729 1291 780 ta-

192 850 277 910 metsi
293 851 399 912 frustra
416 850 500 913 luerit
515 853 539 912 si
556 853 620 930 quis
637 853 695 913 ullo
713 851 768 911 sibi
783 870 852 912 casu
864 861 960 931 speret
975 873 1064 932 posse
1079 854 1292 932 contingerent

192 983 297 1044 horum
314 984 474 1044 carminum
491 991 540 1044 aut
555 1003 725 1062 compagem
742 985 835 1063 prima
852 985 886 1045 ab
903 985 1013 1064 origine
1027 987 1120 1047 laxam
1133 985 1293 1062 adstringat

193 1123 241 1178 aut
257 1123 353 1194 partes
370 1116 425 1176 iam
441 1134 534 1196 usque
546 1135 560 1175 a
573 1115 715 1180 Pisistrati
728 1117 867 1177 memoria
880 1117 990 1178 luxatas
1006 1119 1036 1178 in
1051 1119 1147 1178 locum
1159 1125 1290 1195 reponat,

194 1254 290 1308 tamen
306 1266 516 1327 saepenumero
532 1248 641 1308 accidat
655 1256 686 1308 ut
702 1266 768 1308 cum
784 1249 853 1308 utile
870 1249 907 1309 sit
922 1258 983 1310 tum
1000 1267 1036 1309 ne
1048 1248 1161 1310 difficile
1174 1247 1290 1327 quidem

195 1344 323 1462 dpdpqg
338 1373 374 1455 ἐξ
387 1371 512 1458 ἐᾶματα
525 1374 667 1460 βάλλειν.

277 1511 398 1583 Deinde,
419 1521 451 1572 nt
470 1512 500 1573 in
516 1531 551 1572 eo
566 1530 669 1592 genere
685 1511 880 1573 subsistamus
901 1513 979 1590 qnod
996 1512 1120 1591 speciem
1136 1511 1290 1571 verborum

194 1645 312 1714 format,
329 1645 500 1705 sententiam
517 1663 578 1705 non
593 1662 770 1723 magnopere
786 1651 958 1714 commutat,
974 1643 1065 1704 littera
1081 1643 1194 1703 Aeolica
1209 1648 1293 1721 post-

195 1793 281 1854 quam
299 1783 326 1836 et
341 1785 481 1837 vetustate
497 1786 526 1837 et
541 1776 712 1855 negligentia
728 1783 893 1846 evanuerat,
910 1775 1070 1836 admirabili
1085 1774 1194 1836 Bentlei
1210 1793 1293 1852 saga-

194 1906 278 1968 citate
293 1907 327 1967 ab
350 1908 493 1969 oblivione
512 1908 652 1969 vindicata
672 1908 775 1987 perdiu
791 1907 887 1980 iacuit,
908 1908 977 1969 dum
993 1927 1008 1967 a
1024 1907 1105 1967 bellis
1125 1906 1293 1967 hominibus

194 2038 337 2112 irridetur,
352 2058 368 2099 a
383 2040 451 2101 viris
467 2040 561 2100 doctis
581 2048 629 2100 aut
645 2038 784 2100 invidiose
804 2040 992 2118 impugnatur
1007 2048 1055 2100 ant
1071 2039 1180 2100 insulse
1195 2039 1294 2100 delen-

195 2171 282 2244 ditur,
299 2172 392 2233 donec
412 2171 448 2233 ab
464 2171 575 2250 Heynio
592 2172 620 2231 in
636 2181 720 2232 notas
736 2171 835 2232 saltem
852 2172 978 2232 admissa
994 2180 1046 2231 est.
1077 2171 1164 2231 huius
1180 2191 1226 2231 me
1241 2190 1293 2231 ne-

195 2303 335 2364 cessarias
354 2303 489 2365 utilitates
510 2321 571 2364 non
595 2304 712 2365 decebat
731 2306 855 2382 amplius
880 2304 1037 2383 aspernari.
1072 2304 1169 2382 itaque
1194 2303 1293 2364 reduxi

194 2435 348 2515 digamma,
366 2436 416 2496 sed
432 2444 571 2515 qnantum
587 2444 717 2515 poteram
734 2444 761 2496 et
777 2436 886 2506 licebat,
902 2443 984 2496 caute
999 2435 1231 2513 pedetentimque
1247 2454 1295 2495 re-

195 2567 272 2639 duxi,
289 2569 340 2630 sed
356 2568 385 2630 in
402 2569 500 2629 sedem
516 2569 616 2629 reduxi
632 2588 725 2642 suam,
741 2567 886 2647 proditam
900 2567 976 2628 illam
989 2566 1149 2627 manifestis
1160 2566 1296 2645 vestigiis,

194 2717 256 2760 non
272 2708 399 2780 optatam
415 2701 552 2780 cupideve
568 2710 722 2780 arreptam.

280 2807 402 2894 Versum
422 2832 453 2893 in
473 2832 576 2912 primis
597 2832 704 2894 attendi
725 2832 868 2905 studiose,
889 2850 975 2911 quem
996 2832 1152 2911 plurimum
1172 2832 1296 2893 valuisse

195 2966 230 3027 ad
259 2965 423 3044 fingendam
444 2964 667 3043 variandamque
690 2977 718 3024 et
742 2965 974 3045 locupletandam
998 2964 1124 3042 linguam
1150 2964 1295 3042 antiquam

197 3117 299 3160 omnes
316 3097 510 3159 consentiunt.
537 3117 571 3157 eo
588 3098 727 3177 magistro
741 3099 940 3177 diphthongos
953 3095 1219 3177 patronymicorum
1235 3097 1306 3157 dis·-

197 3231 283 3302 solvi,
305 3249 453 3292 caesuram
474 3238 628 3309 augmento
649 3231 781 3309 syllabioo
803 3230 970 3311 anteposui,
996 3228 1084 3290 hiatui
1104 3245 1194 3289 unum
1221 3238 1298 3290 certe

196 3362 296 3442 reliqui
311 3361 489 3442 perfugium,
510 3361 639 3440 dactylus
659 3380 694 3420 an
712 3365 859 3440 spondens
876 3365 995 3442 eligatur
1009 3363 1195 3442 paucioribus
1210 3380 1296 3441 quam

197 3496 281 3575 vulgo
296 3501 399 3575 putant
413 3492 571 3554 hexametri
590 3493 661 3554 locis
682 3494 830 3572 optionem
851 3515 916 3555 esse
936 3496 1068 3556 intellexi.
1103 3495 1298 3556 blandimenta

197 3629 309 3692 aurium
325 3646 427 3708 parum
443 3626 597 3700 curabam3
612 3625 654 3687 sic
669 3626 745 3686 enim
762 3626 834 3687 mihi
849 3627 1073 3705 persuadebam,
1092 3643 1153 3685 non
1169 3626 1231 3685 lore
1246 3624 1298 3686 ab·

198 3780 271 3823 sona
292 3769 341 3822 ant
360 3761 483 3822 absurda
499 3778 573 3838 quae
588 3778 655 3821 vera
670 3767 698 3820 et
713 3758 835 3837 genuina
851 3776 917 3819 esse
932 3766 1007 3818 certa
1023 3757 1095 3829 ratio
1112 3757 1245 3819 elhceret.

282 3896 375 3975 Atque
389 3893 547 3967 rationem,
568 3892 727 3972 simplicem
744 3890 860 3971 quidem
881 3899 909 3951 et
924 3900 1068 3969 apertam,
1089 3890 1118 3950 in
1134 3891 1299 3953 accentibus

198 4048 314 4110 quoque
330 4009 447 4091 secutus
463 4045 542 4100 sum,
563 4025 728 4087 incredulus
744 4042 956 4103 nonnunquam
977 4025 1171 4102 grammaticis
1194 4022 1298 4084 reteri-

198 4164 268 4236 bus,
288 4163 395 4243 quippe
415 4180 489 4240 quos
510 4160 681 4240 opinionum
699 4158 872 4219 commentis
889 4157 979 4236 magis
996 4177 1081 4237 quam
1098 4158 1138 4218 rei
1153 4164 1255 4217 natura
1272 4162 1300 4213 et

197 4314 255 4358 usu
266 4296 331 4357 duci
343 4295 481 4355 viderem.
497 4294 574 4354 velut
585 4292 753 4372 particulam
766 4290 964 4379 affirmativam
978 4279 1011 4375 (ἦ
1022 4293 1088 4366 τοι)
1102 4309 1118 4349 a
1131 4284 1301 4348 disiunctiva

199 4418 298 4513 (ἤτοι)
315 4427 440 4501 distinxi,
456 4427 608 4488 articulum
625 4418 667 4503 (ii)
684 4444 700 4484 a
716 4423 891 4503 pronomine
907 4416 961 4498 (ὅ),
982 4419 1198 4483 substantivum
1216 4410 1300 4497 πρύ-

1159 4810 1302 4939 Ὗ
