2872 5016
595 314 635 364 18.
668 312 889 366 ιιιιΔοκΣ
1229 315 1295 381 303

192 465 299 535 ἔκταν’
322 467 370 535 ἑνὶ
392 467 597 554 προμάχοισι
618 469 677 535 καί
689 465 822 557 Ἕκτορι
843 469 944 547 κῦδος
964 464 1093 535 ἔδωκεν.

192 569 327 635 τούνεκα
348 572 402 636 νῦν
422 570 466 636 τά
486 571 530 637 σά
550 565 690 637 ι·ούναθ>
713 566 884 653 ἱκάνομαι,
907 567 943 636 εἷ’
960 566 993 635 κ’
1015 569 1190 656 ἐθέλῃσθα

193 667 257 736 υἱεῖ
278 670 346 758 έμῷ
368 667 525 758 ὠκυμόρῳ
549 671 646 755 δόμεν
667 667 798 739 άσπίδα
819 670 877 737 καὶ
897 670 1098 760 τρυφάλειαν

194 772 250 837 καί
273 773 375 849 καλάς
396 773 568 860 κνημῖδας,
592 771 809 863 ἐπισφυρίοις
830 769 1002 862 άραρυίας,

138 902 178 940 ιοο
193 875 251 940 καὶ
272 872 412 964 θώρηχ’·
437 870 537 963 ὃτάρ
559 869 597 963 ἦν
617 900 687 956 τοι,
710 872 863 942 ἀπώλεσε
885 876 1007 954 πιστός
1028 873 1157 965 ἑταῖρος

199 976 308 1065 Τρωσί
332 974 456 1060 δαμείς.
502 968 521 1042 ὃ
544 975 582 1042 δὲ
603 981 711 1043 κεῖται
733 978 793 1043 ἐπὶ
814 977 913 1059 χθονί
935 979 1046 1062 θυμόν
1068 974 1218 1062 άχεόων.”

235 1080 293 1166 την
315 1076 347 1144 δ’
368 1075 514 1166 ἠμείβετ’
539 1075 658 1145 ἔπειτα
680 1080 875 1166 περικλυτός
897 1077 1098 1168 άμφιι-υήεις

189 1177 207 1204 “
215 1181 353 1266 θάρσει·
376 1180 422 1268 μή
442 1205 497 1247 τοι
518 1184 623 1248 ταῦτα
644 1183 728 1266 μετὰ
750 1183 849 1273 φρεσί
870 1183 950 1272 σῇσι
970 1181 1138 1265 μελόντων.

195 1280 224 1348 εἰ
245 1283 308 1371 τάρ
329 1309 388 1367 μιν
408 1283 559 1350 θανάτου
581 1285 757 1374 δυστηχέος
778 1276 845 1350 ὦδε
866 1280 1024 1371 δυναίμην

141 1409 180 1448 ωε
195 1382 312 1473 νόσφιν
335 1381 548 1471 ἀποκρύψαι,
571 1384 628 1453 ὅτε
648 1411 706 1470 μιν
726 1387 829 1474 μόρος
851 1383 943 1464 αίνδς
965 1381 1085 1464 ἱκάνοι,

196 1483 241 1564 ώς
262 1511 316 1552 τοι
338 1486 453 1571 τεύχεα
474 1489 559 1553 καλά
581 1484 799 1572 παρέσσεται,
824 1478 881 1552 οἶά
901 1511 954 1565 τις
976 1479 1054 1551 αύτε

194 1583 382 1674 ἀνθρώπων
403 1587 531 1655 πολέων
551 1587 801 1673 θαυμάσσεται,
824 1585 862 1666 ὃς
882 1612 920 1653 κε
939 1582 1102 1674 είδηται.”

238 1679 282 1766 ὥς
303 1687 430 1753 τειπών
450 1690 509 1777 την
528 1689 588 1773 μέν
608 1688 706 1756 λίπεν
728 1686 841 1770 αὐτοῦ,
863 1689 908 1775 βῆ
930 1684 962 1754 δ)
984 1686 1044 1754 ἐπὶ
1067 1686 1188 1775 φύσας,

194 1789 253 1867 τάς
275 1786 307 1854 δ’
329 1787 363 1867 ἐς
384 1791 449 1876 πύρ
472 1787 591 1878 ἔτρεψε
612 1790 743 1857 κέλευσέ
761 1815 797 1856 τε
818 1787 1050 1875 τερτάζεσθαι.

143 1916 182 1953 ιω
197 1891 300 1979 φῦσαι
323 1887 355 1956 δ’
377 1890 412 1957 έν
431 1890 598 1972 χοάνοισιν
619 1890 763 1978 ένείκοσι
785 1892 895 1957 πᾶσαν
917 1886 1061 1977 ἐφύσων,

195 1988 354 2079 παντοίην
375 1990 559 2080 έύπρηστον
581 1988 706 2081 αὐτμην
726 1991 921 2073 ἐξανιεῖσαι,

195 2087 311 2158 ίίλλοτε
332 2092 391 2175 μὲν
413 2090 592 2161 σπεύδοντι
613 2093 819 2182 παρέμμεναι
841 2087 960 2158 άλλοτε
981 2085 1013 2156 δ’
1037 2084 1131 2170 αύτε,

198 2189 320 2271 όππως
332 2191 524 2282 Ἥφαιστός
544 2191 574 2259 τ’
598 2193 712 2262 έθέλοι
734 2193 792 2260 καὶ
813 2192 928 2282 τέρπον
950 2186 1072 2258 άνοιτο.

192 2294 312 2374 χαλκὸν
335 2291 366 2359 δ’
388 2293 422 2360 έν
443 2295 525 2384 πυρί
546 2294 665 2379 βάλλεν
687 2290 820 2384 άτειρέα
841 2290 1036 2380 κασσίτερόν
1056 2317 1093 2358 τε

140 2421 179 2461 475
193 2393 251 2459 καί
271 2396 390 2478 χρυσόν
409 2397 550 2484 τιμῆντα
570 2394 628 2462 καί
650 2392 802 2485 ίίρτυρον·
825 2391 927 2481 αότάρ
949 2390 1068 2459 ἔπειτα

193 2498 297 2584 θῆκεν
318 2495 352 2562 έν
373 2492 551 2587 άκμοθέτφ
571 2497 674 2582 μέταν
697 2493 835 2582 άκμονα,
857 2495 953 2563 τέντο
976 2494 1013 2561 δέ
1033 2491 1120 2580 χειρί

196 2603 356 2684 ῥαιστῆρα
378 2597 546 2687 κρατερήν,
570 2597 705 2689 ἑτέρηφι
728 2599 766 2666 δέ
787 2597 883 2666 τέντο
904 2594 1080 2684 πυράν-ρην.

220 2685 329 2765 ’ποίει
353 2700 390 2764 δέ
411 2700 582 2787 πρώτιστα
605 2700 706 2779 σάκος
727 2698 811 2784 μέτα
831 2725 867 2766 τε
890 2696 1048 2784 στιβαρόν
1068 2722 1103 2763 τε

195 2799 339 2867 πάντοσε
362 2801 561 2883 δαιδάλλων,
585 2803 663 2889 περὶ
686 2798 718 2868 δ’
742 2799 862 2868 άντυια
884 2799 985 2885 βάλλε
1006 2797 1143 2887 φαεινήν

138 2930 179 2967 ιεο
193 2899 358 2988 τρίπλακα
379 2901 580 2991 μαρμαρέην,
603 2903 639 2969 έκ
662 2899 693 2968 δ>
717 2899 871 2989 άρτύρεον
891 2901 1071 2984 τελαμῶνα.

193 3002 291 3069 πέντε
313 3000 345 3069 δ’
369 3000 422 3092 δίρ)
445 3002 545 3071 αύτοῦ
567 3001 645 3071 έσαν
667 3003 785 3082 σάκεος
806 3002 939 3085 πτύχες·
962 2998 1063 3087 αύτάρ
1086 3000 1120 3067 έν
1142 2997 1230 3089 αύτζ

192 3102 287 3171 ποίει
310 3102 456 3171 δαίδαλα
478 3107 587 3173 πολλά
609 3102 779 3194 τιδυίησιν
800 3100 1037 3189 πραπίδεσσιν.

234 3205 269 3273 ἒν
289 3206 348 3290 μέν
368 3212 467 3272 ταῖαν
488 3203 601 3286 ἔτευξ’,
625 3205 659 3272 έν
681 3202 712 3271 δ)
737 3201 885 3293 ούρανόν,
908 3202 942 3270 ἒν
963 3202 1001 3270 δέ
1022 3203 1200 3271 θάλασσαν

192 3303 301 3394 ἠέλιόν
321 3304 353 3371 τ’
375 3303 548 3391 α’κάμαντα
569 3305 703 3396 σελήνην
723 3332 760 3373 τε
781 3305 992 3394 πλήθουσαν,

137 3438 176 3476 ιεε
192 3406 224 3474 έν
247 3408 284 3474 δὲ
305 3408 347 3473 τά
369 3406 478 3494 τείρεα
500 3408 611 3475 πάντα
631 3407 673 3474 τά
694 3404 726 3473 τ>
750 3404 886 3498 οὐρανός
907 3406 1149 3498 ἐστεφάνωται,

191 3509 368 3598 Πληιάδας
388 3506 430 3578 θ’
448 3507 570 3590 Ὑάδας
590 3535 626 3576 τε
646 3509 687 3578 τό
709 3535 744 3576 τε
766 3509 888 3590 σθένος
906 3506 1061 3597 Ὠρίωνος

192 3608 311 3698 ἄρκτον
331 3608 381 3691 θ’,
406 3604 446 3699 ἣν
467 3612 524 3679 καὶ
547 3608 676 3697 άμαξαν
698 3610 874 3701 ἐπίκλησιν
894 3612 1079 3695 καλέουσιν,

190 3711 212 3799 ἥ
233 3710 264 3778 τ’
288 3710 387 3782 αὐτοῦ
408 3714 587 3804 στρέφεται
609 3713 668 3782 καί
688 3711 720 3781 τ’
739 3711 879 3804 Ὠρίωνα
902 3715 1043 3797 δοκεύει,

191 3811 243 3903 οίη
268 3812 299 3880 δ’
323 3812 472 3904 ἄμμορός
493 3817 565 3885 ἐστι
588 3819 727 3906 λοετρῶν
745 3813 922 3884 Ὠκεανοῖο.

136 3951 175 3988 ιω
232 3916 266 3983 ἐν
289 3916 326 3983 δὲ
349 3919 416 3984 δύω
439 3918 561 4009 ποίησε
582 3919 684 3998 πόλις
704 3917 860 4006 μερόπων
881 3915 1071 4005 ἀνθρώπιον

188 4018 300 4098 καλάς.
344 4018 379 4086 έν
399 4022 440 4109 τῇ
461 4021 521 4105 μέν
543 4028 584 4110 ῥα
604 4020 708 4106 τάμοι
729 4017 758 4086 τ’
782 4017 860 4088 έσαν
883 4018 1051 4088 εἰλαπίναι
1074 4045 1126 4100 τε,

187 4119 317 4211 νύμφας
339 4119 369 4188 δ’
394 4119 430 4189 έκ
451 4123 615 4207 θαλάμων
638 4123 764 4190 δαίδων
784 4121 852 4191 ύπο
874 4123 1114 4208 λαμπομενάων

186 4219 313 4310 η’τίνεον
335 4218 397 4289 άνά
417 4221 537 4305 τάστυ,
560 4224 663 4303 πολύς
685 4220 716 4291 δ’
738 4222 893 4308 ύμέναιος
915 4223 1063 4314 ὀρώρειν,

187 4326 300 4410 κοῦροι
323 4320 356 4390 δ’
379 4320 573 4415 ὀρχηστῆρες
593 4324 728 4409 έδίνεον,
752 4326 786 4395 έν
807 4325 838 4394 δ’
863 4323 927 4417 ι’ίρα
948 4333 1055 4396 τοῖσιν

132 4447 172 4487 ωε
188 4421 282 4492 αὐλοί
305 4424 486 4515 φόρμιττές
506 4453 543 4495 τε
564 4430 646 4518 βοην
668 4426 758 4511 ἔχον·
781 4424 817 4496 αλ
839 4429 879 4496 δέ
898 4432 1048 4508 ιυναῖκες
