2872 5016
178 240 244 306 382
579 243 621 289 ιι.
653 233 878 290 ιιιιαοτο

178 394 236 460 καὶ
256 390 411 480 Πρίαμος
431 392 489 458 καὶ
511 392 592 470 λαός
611 387 824 478 Ἀλεξάνδρου
846 380 930 454 ἕνεκ’
951 380 1055 475 άτης.

137 527 161 565 α
177 492 253 563 ἀλλ’
275 494 331 564 ότε
353 493 393 583 δή
415 491 447 584 ῥ’
469 494 506 563 ἐκ
526 499 600 562 τοῖο
622 491 811 580 δυωδεκάτη
832 484 936 557 τέκετ’
958 483 1054 577 η’(άς,

177 598 234 666 καὶ
255 594 325 665 τότ’
349 592 400 687 ὀίρ’
424 592 629 665 ἀθανάτοισι
649 593 796 684 μετηύδα
818 596 945 677 Φοῖβος
966 584 1164 658 Ἀπόλλων

171 698 190 723 “
199 697 344 783 σχέτλιοί
366 698 452 780 ἕστε,
474 695 569 779 θεοί,
593 696 779 786 δηλήμονες.
824 687 863 761 ού
883 691 920 760 νύ
943 687 1040 761 ποθ’
1066 691 1154 779 ύμιν

177 802 303 891 Ἕκτωρ
325 799 415 893 μηρί’
440 799 515 889 έκηε
536 801 624 886 βοῶν
645 795 746 866 αἰτῶν
766 822 803 864 τε
823 790 971 878 τελείων,·

138 935 163 975 σε
177 907 233 972 τδν
254 908 309 973 νύν
331 902 388 973 οόκ
410 901 521 992 έτλητε
542 900 633 969 νέκυν
654 925 717 990 περ
739 898 837 968 ἐόντα
858 898 1007 978 σαῶσαι,

176 1009 219 1095 τῇ
239 1003 272 1074 τ’
295 1004 404 1094 ὀλόχφ
426 1004 551 1073 τιδέειν
572 1004 631 1070 καὶ
651 1002 770 1093 μητέρι
791 1001 848 1068 καὶ
869 998 960 1068 τέκεϊ
978 999 1031 1086 τῷ

177 1109 234 1176 καὶ
256 1107 376 1197 πατέρι
398 1105 544 1196 Πριάμῳ
567 1104 679 1175 λαοῖσί
699 1131 749 1188 τε,
771 1103 827 1173 τοί
847 1103 885 1170 κέ
904 1126 963 1188 μιν
985 1092 1064 1167 ὦκα

177 1210 211 1277 ἐν
232 1210 314 1300 πυρί
335 1211 449 1301 κήαιεν
469 1209 527 1278 καὶ
549 1209 609 1278 ἐπὶ
631 1209 746 1298 κτέρεα
766 1202 959 1295 κτερίσαιεν.

178 1309 250 1380 ἀλλ’
274 1310 362 1401 ὀλοῷ
382 1311 515 1402 Ἀχιλῆι
536 1313 615 1381 θεοὶ
637 1307 795 1398 βούλεσθ’
818 1307 1014 1398 έπαρήτειν,

138 1407 208 1501 4οῷ
229 1411 297 1482 ούτ’
321 1410 361 1502 ὀρ
383 1413 498 1504 φρένες
519 1412 603 1482 εἰσὶν
624 1412 792 1498 ἐναίσιμοι
815 1405 888 1478 ούτε
907 1406 1018 1498 νόημα

177 1518 347 1599 νναμπτόν
368 1515 417 1582 ένὶ
438 1513 615 1602 στήθεσσι,
638 1513 719 1581 λέων
741 1510 773 1581 δ’
795 1505 841 1592 δίς
862 1507 963 1600 ὀίερια
982 1510 1122 1592 εοῖδεν,

179 1615 217 1694 ός
237 1612 267 1682 τ’
291 1614 367 1681 ἐπεὶ
390 1611 431 1701 ὀρ
452 1614 579 1706 μετάλη
600 1640 636 1682 τε
657 1613 715 1706 βίη
738 1616 796 1682 καὶ
818 1611 954 1703 ὀιήνορι
974 1614 1086 1699 θυμῷ

176 1715 287 1800 τεύξας
309 1709 371 1784 εἶσ’
395 1716 454 1784 ἐπὶ
475 1718 578 1805 μήλα,
601 1719 728 1808 βροτῶν
749 1719 803 1785 ἵνα
825 1716 924 1782 δαῖτα
943 1710 1107 1801 λάβῃσιν·

179 1812 223 1899 ὧς
245 1816 395 1904 Ἀχιλεύς
416 1815 506 1886 ἔλεον
526 1818 586 1905 μὲν
607 1815 791 1899 άπάλεσεν,
815 1812 894 1884 ούδέ
913 1839 969 1882 τοι
993 1810 1113 1895 αίδιός.

137 1949 164 1989 ιο
177 1920 289 2006 μέλλει
311 1919 374 2009 μήν
395 1918 462 1988 πού
483 1946 536 1999 τις
557 1920 614 1988 καὶ
636 1917 789 2010 φίλτερον
811 1914 906 1985 άλλον
928 1913 1085 1998 ὀλέσσαι,

175 2018 215 2112 ήέ
237 2019 432 2111 κασίννητον
453 2018 671 2109 ὀμοτάστριον
691 2018 729 2110 ήέ
750 2022 807 2088 καὶ
829 2015 914 2086 υἱόν·

178 2121 250 2191 ἀλλ’
273 2118 294 2212 ή
315 2149 371 2191 τοι
393 2120 537 2203 κλαύσας
559 2123 615 2191 καὶ
640 2119 836 2212 ὀδυράμενος
856 2117 1036 2208 μεθέηκεν·

177 2224 293 2314 τλητὸν
313 2225 375 2312 τάρ
398 2230 514 2312 μοῖραι
535 2226 647 2308 θυμόν
668 2223 774 2292 θέσαν
795 2219 1037 2311 άνθράποισιν.

139 2353 166 2393 σο
180 2322 283 2412 αύτὰρ
307 2324 327 2393 δ’
347 2323 378 2391 τ’
393 2324 533 2416 Ἕκτορα
555 2329 638 2408 δῖον,
662 2326 738 2395 ἐπεὶ
761 2323 858 2416 φίλον
879 2318 957 2412 ήτορ
980 2317 1138 2412 α’πηύρα,

178 2431 294 2493 ἵππων
316 2426 467 2506 ἐξάπτων
488 2427 568 2513 περὶ
590 2424 667 2516 σῆμ’
691 2425 826 2516 ἑτάροιο
848 2422 962 2515 φίλοιο

113 2602 117 2616 ¹
179 2525 275 2592 έλκει.
320 2522 357 2593 ού
378 2526 442 2614 μήν
462 2552 519 2595 τοι
540 2526 579 2594 τό
600 2554 638 2596 τε
659 2528 792 2596 κάλλιον
814 2524 892 2596 οὐδέ
910 2522 941 2592 τ’
965 2521 1109 2611 άμεινον.

177 2628 221 2715 μή
245 2622 367 2714 άιαθῴ
388 2651 451 2716 περ
473 2626 562 2695 ἐόντι
584 2627 859 2718 νεμεσσηθείομεν
879 2624 987 2719 ἡμεῖς·

178 2729 290 2819 κωφήν
311 2729 373 2816 τὰρ
397 2729 436 2818 δή
458 2733 556 2795 ταῖαν
578 2724 737 2811 αἐεικίζει
759 2725 961 2815 μενεαίνων.”

138 2857 164 2898 55
220 2832 276 2898 τὸν
298 2830 335 2898 δέ
355 2831 564 2922 χολωσαμένη
587 2832 740 2922 προσέφη
763 2832 955 2912 λευκώλενος
968 2828 1057 2919 Ἥρη

175 2929 253 3023 “εἰή
276 2958 330 3000 κεν
351 2933 526 3003 καὶτοῦτο
547 2936 621 3003 τεόν
640 2934 759 3018 εέπος,
782 2931 992 3022 άρτυρότοξε,

180 3033 210 3103 εί
233 3036 271 3126 δή
295 3031 377 3124 δμήν
399 3035 529 3127 Ἀχιλῆι
550 3039 608 3106 καὶ
621 3035 753 3125 Ἕκτορι
774 3037 898 3126 θήσετε
918 3033 1025 3125 τιμήν.

179 3137 305 3224 Ἕκτωρ
328 3138 386 3222 μὲν
407 3140 531 3228 θνητός
551 3166 601 3222 τε,
623 3141 761 3208 τυναῖκά
782 3166 819 3207 τε
839 3139 973 3229 θήσατο
994 3134 1114 3221 μαζόν·

181 3235 284 3325 αύτάρ
306 3234 473 3321 Ἀχιλλεύς
494 3240 567 3307 έστι
589 3242 674 3320 θεᾶς
694 3240 801 3321 τόνος,
824 3235 864 3330 ήν
885 3241 949 3308 ἐπιδ
972 3235 1052 3328 αὐτή

141 3369 167 3408 ευ
182 3337 297 3424 θρέιμα
318 3363 354 3403 τε
376 3337 433 3403 καὶ
456 3335 594 3428 ὀτίτηλα
616 3340 674 3407 καὶ
696 3337 791 3428 άνδρὶ
812 3341 918 3430 πόρον
939 3339 1155 3431 παράκοιτιν,

185 3440 299 3527 Πηλεῖ,
324 3433 361 3516 δς
384 3439 461 3525 περὶ
483 3443 558 3529 κήρι
581 3439 678 3532 φίλος
699 3440 801 3508 τένετ’
826 3435 1057 3512 ὀθανάτοισιν.

181 3540 303 3621 πάντες
326 3536 359 3606 δ’
380 3536 566 3627 η’ντιάασθε
587 3541 666 3609 θεοί
688 3542 811 3628 νόμου·
834 3545 868 3612 έν
890 3546 927 3613 δὲ
950 3548 1118 3614 αὐτοῖσιν

180 3637 285 3708 δαίνυ’
309 3637 389 3723 έχων
411 3639 594 3731 φόρμιττα,
618 3644 725 3709 κακῶν
747 3642 845 3732 ἕταρ’,
869 3643 940 3715 αἰὲν
962 3644 1114 3716 άπιστε”

221 3745 278 3833 τήν
301 3740 332 3811 δ’
356 3739 626 3830 άπαμειβόμενος
647 3746 800 3838 προσέφη
824 3750 1059 3840 νεφελητερέτα
1080 3747 1165 3829 Ζεύς

140 3844 303 3937 σσ’“Ήρη,
326 3848 370 3935 μή
394 3848 433 3936 δή
456 3848 601 3932 πάμπαν
623 3845 876 3937 α’ποσκύδμαινε
897 3857 1042 3919 θεοῖσιν·

182 3950 219 4019 ού
241 3953 305 4042 μήν
325 3952 387 4040 τδρ
409 3949 489 4053 τιμή
509 3976 547 4018 τε
568 3948 620 4038 μί’
643 3949 789 4038 ἔσσεται,
814 3951 896 4022 άλλοὶ
918 3953 976 4021 καὶ
989 3951 1117 4039 Ἕκτωρ

231 4211 264 4261 29
283 4206 313 4268 ὃς
330 4216 454 4267 νείκεσσε
471 4209 540 4272 θεὰς
557 4208 602 4266 ὅτε
619 4234 666 4268 τοι
682 4218 844 4287 μέσσαυλον
862 4220 968 4283 raom,

279 4293 330 4361 τὴν
348 4294 376 4348 δ’
398 4293 479 4370 ήνησ’
499 4294 579 4364 ἥκοι
597 4297 667 4372 πόρε
685 4301 865 4373 μαχλοσύνην
882 4297 1032 4369 άλενεινήν.

229 4379 262 4429 45
279 4383 416 4445 τίτνεται,
435 4378 451 4450 ή
472 4379 496 4436 τ’
516 4378 621 4456 ἄνδρας
637 4387 711 4457 μέτα
730 4394 835 4442 σίνεται
853 4385 900 4456 ἠδ’
921 4384 1055 4452 ὀνίνησιν.
