2872 5016
511 287 553 337 ιι.
590 283 811 345 mmmm

113 434 147 505 εί
166 464 239 518 πως
260 434 425 525 ἱμείραιτο
447 440 699 528 παραδραθέειν
719 441 875 532 φιλότητι

111 543 153 630 τῇ
173 548 282 630 χροιῇ,
304 543 352 629 τῷ
374 537 405 608 δ’
428 539 531 609 ύπνον
553 538 710 632 ἀπήμονά
730 569 766 610 τε
786 542 900 634 λιαρόν
920 567 958 610 τε

61 671 100 710 ιιι
112 643 188 731 χεύῃ
211 641 271 710 ἐπὶ
292 642 493 732 βλεφάροισι
513 643 589 712 τιδέ
610 645 709 735 φρεσί
730 642 980 735 πευκαλίμῃσιν.

109 745 153 832 βή
176 740 209 809 δ’
231 741 307 828 ῖμεν
328 744 362 823 ἐς
383 744 551 830 θάλαμον,
573 745 631 814 τόν
651 773 708 815 τοι
730 745 829 837 φίλος
849 743 922 827 υίδς
943 743 1067 828 έτευξεν

101 844 307 934 Ἥφαιστος,
331 847 472 926 πυκινὰς
494 847 532 913 δέ
554 847 661 937 θύρας
682 853 886 933 σταθμοῖσιν
907 846 1049 937 ἐπῆρσεν

110 947 220 1036 κληῖδι
243 955 385 1037 κρυπτῇ·
407 949 467 1036 τήν
489 944 522 1015 δ’
546 945 583 1015 ού
605 950 689 1029 θεός
711 946 808 1031 άλλος
830 947 962 1038 ἀνῷτεν.

111 1044 185 1115 ἐνθ’
206 1045 229 1137 ή
249 1045 283 1114 τ’
307 1047 515 1132 εἰσελθοῦσα,
538 1050 645 1139 θύρας
665 1050 829 1119 ἐπιθεῖσα
851 1049 1004 1142 φαεινάς,

58 1181 97 1219 ιιι
112 1146 277 1240 ἀμβροσίη
300 1150 359 1236 μὲν
380 1153 512 1239 πρώτον
532 1149 603 1220 ἀπὸ
623 1153 721 1242 χροὸς
743 1150 927 1242 ἱμερόεντος

110 1250 239 1336 λύματα
260 1251 371 1319 πάντα
391 1251 548 1342 κάθηρεν,
572 1250 738 1344 ἀλείψατο
761 1253 799 1320 δὲ
820 1250 895 1320 λίπ’
917 1251 1018 1343 ἐλαίην

111 1349 283 1443 ἀμβροσίην
304 1357 440 1444 τεδανηῖ,
462 1353 501 1423 τό
523 1353 564 1444 ῥά
584 1380 641 1421 τοι
662 1357 872 1440 τεθυωμένον
893 1348 963 1444 ήεν·

109 1457 167 1523 τοῦ
188 1456 245 1523 καί
267 1456 454 1541 κινυμένοιο
474 1457 561 1537 Διὸς
582 1458 667 1524 κατά
687 1455 888 1542 χαλκοβατὲς
909 1458 957 1523 δοῖ
1019 1533 1021 1537 ,

110 1554 218 1647 ἔμπης
239 1556 273 1638 ἐς
293 1558 392 1625 ταῖάν
412 1584 448 1625 τε
469 1557 528 1625 καί
550 1555 684 1647 οὐρανὸν
706 1555 788 1626 ἵκετ’
813 1554 930 1648 ἀυτμή.

58 1685 96 1726 ιιι
109 1662 157 1748 τῷ
179 1657 209 1748 ῥ’
231 1656 254 1749 ή
273 1685 311 1728 τε
331 1660 413 1749 χρόα
435 1661 536 1728 καλδν
558 1657 780 1752 ἀλειψαμένη,
805 1659 880 1727 τιδδ
899 1657 1017 1744 χαίτας

110 1761 287 1852 πεξαμένη,
309 1762 419 1852 χερσίν
439 1763 632 1847 πλοκάμους
653 1759 770 1842 ἔπλεξε
791 1760 948 1851 φαεινούς

109 1865 228 1944 καλούς
249 1861 450 1954 ἀμβροσίους
471 1863 508 1931 ἐκ
529 1863 673 1950 κράατος
695 1860 892 1930 ἀθανάτοιο.

110 1963 199 2055 ἀμφὶ
223 1963 255 2032 δ’
279 1963 330 2053 ἀρ’
355 1962 539 2053 ἀμβρόσιον
559 1966 675 2033 εεανδν
695 1961 825 2046 τέσαθ’,
850 1960 886 2030 ὅν
906 1989 962 2032 τοι
985 1963 1110 2054 Ἀθήνη

110 2064 198 2150 έξυά
221 2063 407 2156 ἀσκήσασα,
429 2065 511 2157 τίθη
536 2065 568 2157 δ’
589 2067 638 2137 ἐνὶ
661 2065 805 2136 δαίδαλα
826 2065 948 2134 πολλά·

58 2201 97 2241 ιιι
109 2166 261 2260 χρυσείῃς
283 2165 313 2237 δ’
336 2169 463 2260 ἐνετῇσι
485 2171 570 2239 κατά
591 2171 720 2260 στῆθος
742 2171 911 2258 περονᾶτο.
1025 2159 1031 2167 ’

112 2271 237 2353 ζώσατο
260 2271 297 2338 δὲ
318 2270 418 2362 ζώνην
439 2268 556 2340 ἑκατόν
577 2271 738 2351 θυσάνοις
760 2267 927 2362 ἀραρυῖαν,

110 2372 145 2441 ἐν
167 2369 198 2440 δ’
221 2369 285 2463 ἀρα
308 2372 434 2462 ἕρματα
455 2367 531 2464 ἧκεν
551 2373 738 2464 ἐυτρήτοισι
759 2374 907 2459 λοβοῖσιν

73 2532 80 2550 ,
109 2474 264 2566 τρίτληνα
283 2476 460 2564 μορόεντα·
481 2475 576 2565 χάρις
599 2473 632 2543 δ’
655 2473 871 2560 ἀπελάμπετο
893 2476 1009 2566 πολλή.

109 2578 279 2668 κρηδέμνῳ
303 2576 334 2646 δ’
356 2578 530 2668 ἐφύπερθε
551 2577 722 2666 καλύψατο
746 2579 803 2644 δῖα
824 2575 937 2644 θεάων

57 2703 96 2744 ιιι
110 2683 200 2769 καληῖ
221 2681 380 2772 νητατέῳ·
402 2680 554 2767 λαμπρόν
577 2676 609 2746 δ’
631 2672 671 2768 ήν
691 2675 804 2768 ἠέλιος
825 2675 883 2758 ὥς·

111 2783 214 2852 ποσσί
238 2780 269 2849 δ’
291 2781 359 2851 ύπδ
380 2785 572 2873 λιπαροῖσιν
592 2781 734 2871 ἐδήσατο
756 2782 841 2848 καλά
864 2779 995 2850 πέδιλα.

110 2882 211 2973 αύτάρ
233 2884 309 2953 ἐπεὶ
331 2885 372 2977 δή
395 2886 504 2952 πάντα
526 2885 605 2974 περί
625 2885 701 2973 χροῖ
721 2883 850 2974 θήκατο
872 2883 1010 2968 κόσμον,

109 2995 155 3078 βῆ
177 2985 209 3075 ῥ’
231 2984 305 3072 ῖμεν
326 2985 362 3054 ἐκ
383 2987 570 3072 θαλάμοιο,
593 2983 818 3073 καλεσσαμένη
841 2981 873 3050 δ’
895 2981 1096 3077 Ἀφροδίτην

108 3091 171 3156 τών
194 3086 298 3157 ἀλλων
321 3085 494 3156 ἀπάνευθε
515 3090 605 3155 θεῶν
626 3088 712 3175 πρός
732 3088 842 3171 μῦθον
863 3080 1004 3154 έτειπεν.

55 3183 151 3281 ιοο“ἧ
172 3190 214 3280 ῥά
235 3192 271 3258 νύ
292 3190 353 3276 μοί
372 3218 406 3259 τι
428 3188 567 3271 πίθοιο,
591 3187 689 3281 φίλον
708 3187 815 3271 τέκος,
839 3185 910 3256 ὅττι
931 3213 968 3257 κε
988 3188 1109 3277 τείποι,

108 3286 147 3382 ήέ
167 3318 222 3360 κεν
244 3289 415 3383 ἀρνήσαιο,
439 3290 659 3382 κοτεσσαμένη
681 3290 721 3358 τό
741 3317 779 3359 τε
800 3293 913 3380 θυμῷ,

110 3391 212 3463 οὕνεκ’
235 3395 301 3463 ἐτώ
323 3400 490 3463 Δαναοῖσι
512 3396 550 3463 σύ
573 3394 610 3463 δὲ
635 3391 800 3483 Τρώεσσιν
822 3390 996 3483 ἀρήτεις,·”

149 3499 208 3588 τήν
231 3494 264 3564 δ’
285 3493 431 3586 ἠμείβετ’
456 3493 576 3565 ἔπειτα
597 3497 682 3575 Διὸς
703 3495 853 3587 θυτάτηρ
876 3494 1056 3592 Ἀφροδίτη

105 3595 217 3690 “Ἥρη
240 3601 374 3691 πρέσβα
395 3601 478 3682 θεά,
502 3600 648 3689 θύτατερ
669 3600 828 3686 μετάλοιο
850 3600 1007 3692 Κρόνοιο,
1048 3666 1052 3674 .

55 3726 95 3767 ιιι
110 3697 195 3768 αύδα
218 3702 270 3770 ὅτι
293 3703 455 3795 φρονέεις·
477 3703 606 3773 τελέσαι
630 3702 666 3772 δέ
685 3729 727 3789 με
747 3705 857 3790 θυμός
879 3701 1012 3789 άντοτεν,

109 3801 139 3872 εἰ
162 3803 305 3891 δύναμαι
326 3806 459 3875 τελέσαι
480 3832 519 3875 τε
539 3806 597 3875 καί
620 3803 650 3874 εί
671 3805 895 3892 τετελεσμένον
916 3805 1031 3874 ἐστίν.”

150 3907 209 3997 τήν
231 3906 268 3974 δέ
289 3908 550 4002 δολοφρονέουσα
571 3907 745 4000 προσηύδα
766 3908 889 3976 πότνια
901 3907 990 3999 Ἥρη

104 4003 189 4090 αδδς
210 4010 264 4077 νῦν
284 4035 344 4094 μοι
366 4011 528 4102 φιλότητα
549 4010 606 4078 καί
628 4013 754 4098 ἵμερον,
777 4002 805 4099 ᾦ
826 4034 863 4077 τε
884 4011 924 4077 σι)
946 4009 1074 4089 πάντας

109 4113 217 4202 δαμνᾷ
237 4107 427 4193 ἀθανάτους
447 4109 508 4202 ήδδ
529 4112 672 4201 θνητούς
694 4107 902 4198 ἀνθρώπους.

52 4238 93 4279 τοο
108 4207 177 4300 εἶμι
198 4215 260 4304 τάρ
282 4211 432 4305 ὀψομένη
455 4213 669 4304 πολυφόρβου
692 4210 835 4301 πείρατα
855 4211 914 4281 ταί
956 4265 965 4297 ,

104 4313 257 4385 Ὠκεανόν
278 4342 327 4401 τε,
351 4319 441 4385 θεῶν
460 4316 599 4400 σύνεσιν,
622 4315 678 4384 καί
700 4314 825 4407 μητέρα
852 4315 977 4406 Τηθύν,

107 4422 143 4491 οῖ
160 4415 198 4512 μ’
220 4418 255 4490 ἐν
275 4425 394 4515 σφοῖσι
416 4419 572 4509 δόμοισιν
592 4419 628 4492 ἐύ
650 4421 769 4515 τρέφον
789 4415 845 4513 ἠδ’
868 4417 1057 4510 ἀτίταλλον,
