2872 5016
100 248 165 314 364
500 252 543 301 τε.
573 248 754 302 muoz
770 250 797 301 ν

100 402 212 469 ἐλθεῖν
233 397 368 490 ἀρᾶται,
390 403 448 470 καὶ
470 400 647 489 ύπίσχετοι
670 403 741 494 ίερά
761 402 860 486 καλά,

46 534 85 572 ιιο
100 499 190 594 όφρο
211 505 317 594 πυρήν
338 500 456 596 όρσητε
475 505 637 596 καήμεναι
656 501 678 600 ᾗ
699 505 746 576 ἔνι
768 510 877 574 κεῖται

99 606 305 692 Πάτροκλος,
326 608 383 675 τόν
404 606 526 690 πάντες
548 606 821 696 ἀναστενάχουσιν
841 604 1012 693 Ἅχοιοί.”

142 702 165 797 ή
185 709 244 794 μέν
267 704 321 799 ἀρ’
342 701 387 791 ὦς
407 707 562 779 τειποῦά
585 708 785 802 ἀπεβήσετο,
806 711 862 779 τοὶ
883 706 917 779 δ’
941 707 1095 800 ὀρέοντο

99 813 182 900 τηχῆ
204 811 385 901 θεσπεσίῃ,
408 813 507 900 νέφεα
528 813 697 883 κλονέοντε
719 812 896 903 πάροιθεν.

102 906 191 1001 οίψο
214 914 251 980 δὲ
272 910 391 980 πόντον
413 915 525 981 ἵκανον
547 912 701 1005 ἀήμεναι,
723 909 809 1004 ὦρτο
831 915 868 983 δέ
888 916 982 1001 κῦμα

47 1043 86 1083 ιιε
101 1022 204 1105 πνοιή
224 1013 292 1083 ύπο
313 1016 437 1106 λιτυρῆ.
486 1014 605 1107 Τροίην
627 1014 661 1085 δ’
682 1013 841 1107 ἐρίβωλον
863 1012 1023 1108 ἱκέσθην,

101 1115 135 1183 ἐν
157 1117 193 1183 δὲ
214 1120 302 1209 πυρῆ
323 1118 474 1211 πεσέτην,
496 1118 581 1205 μέν-α
604 1114 636 1186 δ’
658 1114 733 1202 ἴαχε
754 1117 945 1199 θεσπιδαὲς
966 1120 1054 1208 πῦρ.

102 1218 277 1302 παννύχιοι
299 1217 331 1287 δ’
354 1216 419 1311 άρο
439 1219 494 1289 τοί
514 1246 552 1288 τε
573 1221 680 1310 πυρῆς
701 1215 822 1304 ἀμυδις
843 1208 946 1309 φλόι·’
969 1214 1139 1305 ἔβαλλον,

101 1324 267 1411 φυσῶντες
287 1322 415 1402 λιτέως.
460 1315 479 1390 ὃ
501 1322 539 1391 δέ
561 1321 720 1404 πάννυχος
741 1316 826 1400 οἰκός
844 1315 1020 1403 Ἀχιλλεύς

99 1420 235 1512 χρυσέου
257 1421 294 1489 ἐκ
316 1426 484 1511 κρητῆρος,
508 1421 590 1507 ἔχων
613 1422 718 1503 δέπας
740 1418 1009 1514 ἀμφικύπελλον,

48 1550 87 1589 220
101 1528 210 1589 τοῖνον
232 1518 460 1612 ἀφυσσόμενος
479 1524 625 1610 χαμάδις
645 1524 713 1608 χέε,
736 1526 809 1592 δεῦε
831 1523 868 1592 δὲ
887 1528 1003 1607 ναῖον,

102 1625 207 1714 ψυχήν
228 1622 411 1714 κικλήσκων
431 1629 645 1717 Πατροκλῆος
667 1629 803 1695 δειλοῖο.

102 1724 146 1808 ιός
169 1728 205 1794 δὲ
226 1727 336 1817 πατήρ
357 1730 417 1796 τοῦ
439 1731 565 1809 παιδός
587 1725 740 1821 ὀδύρεται
762 1724 864 1796 όστέο
885 1724 1008 1811 καίων,

101 1830 256 1922 νυμφίου,
281 1827 318 1910 ός
338 1855 375 1898 τε
395 1833 509 1900 θανών
531 1832 661 1912 δειλούς
682 1827 827 1921 ἀκάχησε
847 1830 985 1918 τοκῆας,

103 1925 147 2014 ὧς
167 1929 317 2017 Ἀχιλεύς
339 1931 472 2020 ἑτάροιο
494 1931 629 2023 ὀδύρετο
651 1928 751 2000 όστέο
772 1927 888 2012 καίων,

49 2064 88 2103 ννε
102 2034 250 2125 ἑρπύζων
271 2037 365 2123 παρά
385 2036 559 2126 πυρκοίήν,
584 2030 684 2102 ἀδινὰ
705 2031 856 2119 στεναχίζ
899 2024 908 2100 '.

144 2129 227 2227 ήμος
249 2134 281 2204 δ’
298 2135 488 2228 Ἑωσφόρυς
510 2132 576 2206 εἶσι
598 2137 690 2228 φόως
710 2136 828 2227 τερέων
848 2134 909 2204 ἐπὶ
929 2140 1044 2220 τοίαν,

103 2239 141 2306 ὃν
161 2265 197 2306 τε
217 2238 300 2324 μέτα
321 2240 550 2327 κροκόπεπλος
571 2237 668 2328 ύπεὶρ
690 2239 755 2307 ἀλα
776 2237 929 2307 κίδναται
946 2235 1054 2323 Ἠώς,

102 2344 205 2432 τῆμος
225 2343 369 2430 πυρκοϊή
392 2341 601 2431 ἐμαραίνετο,
624 2342 778 2409 παύσατο
800 2339 839 2409 δέ
861 2339 954 2430 φλόξ.

104 2441 136 2511 οί
159 2441 193 2511 δ’
215 2440 330 2528 άνεμοι
352 2444 455 2510 πόλιν
477 2436 571 2524 αὖτις
592 2441 672 2531 έβαν
692 2442 845 2511 τοικόνδε
865 2442 1004 2511 νέεσθαι

49 2567 88 2609 νεο
105 2544 262 2635 Θρηίκιον
282 2545 367 2611 κατὰ
389 2543 525 2612 πόντον
548 2540 568 2611 δ
590 2547 627 2614 δὲ
650 2545 758 2614 στένεν
781 2542 918 2631 σ’ίδματι
938 2542 1044 2612 θύων.

103 2646 267 2739 Πηλεΐδης
290 2644 322 2714 δ’
345 2643 415 2714 ἀπὸ
436 2648 599 2736 πυρκαϊῆς
620 2645 760 2736 ἑτέρωσε
781 2644 936 2727 λιασθείς

103 2749 221 2841 κλίνθη
245 2747 408 2841 κεκμηώς,
430 2747 489 2817 ἐπὶ
513 2749 550 2816 δὲ
570 2750 688 2830 τλυκύς
710 2747 813 2831 ύπνος
834 2746 976 2839 ’σ’ρουσεν.

104 2851 140 2924 οἳ
157 2852 189 2923 δ’
213 2851 299 2945 ἀμφ’
320 2851 499 2943 Ἀτρεΐωνα
521 2847 654 2933 ἀολλέες
675 2846 891 2942 ήνερέθοντο·

103 2961 168 3026 τῶν
188 2985 246 3044 μιν
267 2956 493 3046 ἐπερχομένων
515 2954 641 3041 όμοδος
661 2954 718 3023 καὶ
742 2957 868 3035 δοῦπος
887 2950 1019 3040 ἔτειρεν.

51 3091 90 3131 ονε
105 3061 194 3144 ἵζετο
217 3058 247 3129 δ’
271 3058 455 3148 ὀρθωθείς,
478 3057 536 3127 κοί
557 3083 663 3150 σφεας
683 3058 767 3148 πρός
788 3058 898 3142 μῦθον
918 3053 1059 3124 έεειπεν.

99 3160 272 3254 “Ἀτρεί’δη
295 3189 331 3230 τε
352 3163 409 3230 κοί
432 3159 527 3229 δίλλοι
550 3159 702 3250 ἀριστῆες
722 3159 934 3242 Παναχαιῶν,

105 3268 236 3352 πρῶτον
256 3263 316 3349 μέν
336 3266 422 3331 κατά
443 3265 608 3354 πυρκαϊήν
629 3258 762 3346 σβέσατ’
785 3258 914 3328 α’ίθοπι
935 3259 1035 3349 νοίνηι

105 3368 230 3447 πᾶσαν,
255 3362 399 3433 ὁπόσσον
421 3364 540 3449 ἐπέσχε
560 3364 667 3449 πυρός
687 3362 799 3447 μένος·
823 3360 923 3452 ούτάρ
946 3359 1065 3430 ἔπειτα

105 3464 204 3536 δοτέα
225 3465 435 3553 Πατρόκλοιο
457 3465 688 3534 Μενοιτιάδαο
709 3464 865 3550 λέτωμεν,

52 3599 91 3639 νιο
106 3563 141 3638 εὖ
165 3567 465 3648 διοτιτνοίσκοντες.
510 3565 699 3658 ἀριφραδέα
721 3566 758 3634 δέ
778 3567 945 3635 τέτυκται·

105 3672 139 3741 ἕν
159 3671 262 3763 μέσση
284 3671 346 3758 τὰρ
369 3667 476 3738 ἔκειτο
498 3672 599 3761 πυρῆ,
621 3669 673 3737 τοί
696 3665 729 3737 δ’
752 3664 846 3737 άλλσι
869 3666 1007 3739 ἀνευθεν

105 3775 241 3867 εὀχατιῆ
261 3770 387 3842 καίοντ’
410 3771 541 3858 έπιμίξ,
564 3775 671 3840 ίπποι
692 3797 729 3840 τε
750 3771 807 3839 καὶ
830 3765 952 3864 όίνδρες.

106 3879 162 3945 καὶ
184 3879 225 3945 τά
245 3878 305 3962 μὲν
325 3875 359 3945 έν
378 3874 494 3966 χρυσέη
518 3875 623 3967 φιάλη
646 3876 702 3943 κοὶ
727 3873 867 3943 δίπλακι
890 3877 985 3966 δημῆι

106 3980 253 4067 θείομεν,
278 3978 325 4061 είς
347 3977 367 4048 ό
388 4004 443 4046 κεν
465 3973 565 4059 αὐτὸς
586 3978 669 4046 έτιόν
687 3975 802 4045 ’Άτιδι
823 3976 1014 4063 κεύθωμαι·

53 4111 91 4150 νιε
104 4081 227 4169 τύμβον
250 4079 280 4148 δ’
304 4079 342 4151 ού
363 4082 453 4170 μάλα
475 4082 601 4148 πολλόν
622 4081 686 4149 έτοί
708 4082 896 4150 πονέεσθαι
918 4107 1041 4164 ονωτο,

107 4179 179 4249 ἀλλ>
201 4183 374 4255 ἐπιτεικέο
394 4189 493 4253 τοῖον.
538 4179 658 4250 ἔπειτα
681 4184 719 4250 δέ
741 4183 798 4250 καί
820 4183 877 4251 τόν
898 4179 1032 4266 Ἀχαιοί

107 4281 199 4373 εὐρύν
220 4284 260 4352 θ’
283 4283 410 4376 ύψηλόν
430 4311 467 4354 τε
487 4283 679 4374 τιθήμεναι,
703 4286 739 4351 οἳ
759 4309 813 4351 κεν
833 4283 926 4369 έμεῖο

108 4387 253 4477 δεύτεροι
277 4387 311 4456 έν
333 4388 446 4479 νήεσσι
468 4386 667 4476 πολικλήισι
689 4382 867 4474 λίπησθε.”

1018 4772 1240 5004 N
