2872 5016
180 320 183 325 ·
234 324 299 391 393
634 326 676 372 ιι.
707 322 930 375 ummo

234 475 350 563 ἀξέμεν
372 476 409 559 έξ
428 471 534 563 ίίρεος,
557 474 647 559 μάλα
669 475 706 542 δὲ
731 480 839 563 Τρῶες
861 471 1018 561 δεδίασιν.

236 578 372 666 ἐννῆμαρ
394 575 453 663 μέν
473 571 505 643 κ’
528 572 625 642 αὐτὸν
646 574 695 643 ένί
715 576 874 662 μετάροις
893 566 1056 663 κούριμον,

181 683 273 770 εωτῇ
295 679 414 768 δεκάτῃ
438 677 476 745 δέ
496 702 534 744 κε
554 677 746 763 θάπτοιμεν
768 677 902 745 δαινῦτό
922 702 959 744 τε
980 675 1071 758 λαός,

233 777 387 871 ἑνδεκάτῃ
411 777 448 846 δέ
467 803 505 845 κε
524 776 650 864 τύμβον
671 775 728 846 ἀπ’
752 775 840 866 αύτῷ
861 777 1077 868 ποιήσαιμεν,

232 884 273 972 τῇ
296 882 333 949 δὲ
356 878 546 970 δυωδεκάτῃ
568 876 798 966 πολεμίξομεν,
822 878 859 950 εί
875 906 938 969 περ
961 876 1113 969 ἀνάτκη.”

274 984 330 1051 τόν
353 979 386 1049 δ’
408 977 486 1050 αύτε
507 969 710 1070 προσένειύτε
731 983 902 1074 ποδάρκης
923 985 993 1063 δῖος
1015 978 1182 1067 Ἀχιλλεύς

227 1080 347 1152 ((ἓσται
368 1108 423 1151 τοι
444 1081 642 1165 καὶταῦτα,
663 1082 757 1173 τέρον
776 1080 914 1171 Πρίαμ’,
937 1081 982 1163 ὥς
1003 1084 1042 1151 οὐ
1064 1080 1220 1162 κελεύεις·

180 1211 219 1251 αι
233 1186 341 1275 σχήσω
363 1185 425 1273 τὰρ
448 1184 594 1270 πόλεμον
614 1184 736 1254 τόσσον
755 1186 869 1276 χρόνω
890 1184 989 1255 ὅσσον
1011 1179 1163 1263 ἀνωτας.”

274 1279 319 1367 ὥς
340 1283 404 1376 ἀρα
425 1286 580 1377 φωνήσας
601 1286 662 1355 ἐπὶ
682 1295 803 1377 καρπῷ
823 1292 916 1376 χεῖρα
936 1286 1084 1375 τέροντος

233 1384 352 1474 ἔλλαβε
374 1387 551 1478 δεξιτερήν,
572 1387 620 1477 μή
641 1412 715 1469 πως
736 1384 853 1456 δείσει’
877 1386 923 1455 ένί
945 1388 1054 1475 θυμῷ.

232 1485 269 1557 οἳ
286 1489 346 1574 μὲν
367 1483 419 1575 ἀρ’
442 1487 476 1556 έν
497 1486 659 1577 προδόμῳ
682 1487 785 1575 δόμου
807 1486 932 1557 αύτόθι
952 1487 1169 1577 κοιμήσαντο,

231 1591 331 1679 κῆρυξ
350 1588 409 1655 καί
428 1587 594 1676 Πρίαμος,
617 1590 741 1656 πυκινά
762 1589 861 1680 φρεσί
881 1587 978 1679 μήδε’
999 1584 1137 1673 ἔχοντες,

179 1711 218 1754 ευ
233 1687 335 1776 αὐτὰρ
358 1685 526 1771 Ἀχιλλεύς
548 1682 621 1756 εὗδε
641 1691 735 1778 μυχῷ
756 1687 886 1780 κλισίης
907 1689 1086 1780 έυπήκτου·

230 1792 279 1879 τῷ
302 1790 338 1857 δὲ
360 1790 501 1879 Βρισηὶς
522 1789 728 1879 παρελέξατο
749 1791 984 1881 καλλιπάρῃος.

274 1887 370 1959 ἀλλοι
390 1890 449 1975 μέν
470 1896 512 1980 ῥα
533 1888 614 1959 θεοί
633 1916 669 1958 τε
691 1891 748 1979 καὶ
771 1889 879 1981 ἀνέρες
902 1889 1150 1981 ἱπποκορυσταί

232 1986 327 2060 εὗδον
349 1991 536 2076 παννύχιοι,
558 1994 698 2081 μαλακῷ
720 1995 920 2085 δεδμημένοι
942 1993 1049 2084 ύιτνφ·

232 2091 308 2162 ἀλλ’
332 2090 390 2177 ούχ
407 2089 559 2182 Ἑρμείαν
579 2093 741 2184 ἐριούνιον
762 2094 866 2176 ύπνος
888 2093 1064 2185 ἔμαρπτεν,

178 2219 219 2264 eso
234 2191 420 2281 ὁρμαίνοντ’
443 2191 504 2261 ἀνά
526 2197 637 2280 θυμόν
659 2195 752 2278 ὅπως
773 2196 925 2288 Πρίαμον
946 2197 1091 2285 βασιλῆα

230 2298 313 2386 νηῶν
334 2294 533 2386 ἐκπέμψειε,
555 2297 671 2366 λαθών
692 2294 797 2389 ἱερούς
818 2296 1020 2387 πυλαωρούς.

231 2399 292 2487 στή
315 2395 346 2464 δ’
370 2393 423 2484 ἀρ’
445 2396 528 2488 ὑπὲρ
550 2399 706 2488 κεφαλῆς,
729 2395 787 2466 καί
807 2425 864 2483 μιν
885 2400 969 2487 πρός
990 2398 1098 2483 μῦθον
1120 2393 1262 2465 ἔλειπεν.

227 2490 279 2565 “03
298 2498 405 2587 νέρον,
429 2495 467 2566 ού
486 2499 524 2565 νύ
545 2524 580 2566 τι
601 2495 656 2567 σοί
675 2524 713 2566 τε
733 2498 826 2585 μέλει
846 2499 959 2580 κακόν,
983 2490 1055 2567 οἷον
1074 2495 1130 2568 ἔθ’
1153 2497 1260 2577 εύδεις

233 2597 391 2686 ἀνδράσιν
412 2599 445 2668 έν
467 2596 625 2688 δηίοισιν,
648 2599 726 2669 ἐπεί
747 2598 779 2668 α’
801 2598 910 2669 είάσεν
931 2595 1107 2685 Ἀχιλλεύς.
1144 2621 1145 2625 ’

174 2725 213 2765 ωε
231 2702 289 2768 καὶ
310 2703 365 2768 νῦν
384 2700 444 2786 μὲν
465 2697 563 2790 φίλον
583 2699 654 2770 υίόν
674 2702 792 2772 ἐλύσαο
799 2755 807 2786 ,
830 2703 940 2771 πολλά
963 2699 994 2770 δ’
1015 2699 1156 2781 ἔδωκας·

231 2808 301 2872 σεῖο
323 2802 419 2870 δέκα
442 2801 526 2883 ζωοῦ
547 2803 605 2871 καὶ
626 2804 697 2895 τρίς
716 2803 801 2873 τόσα
824 2808 912 2873 δοῖεν
934 2801 1060 2872 ἀποινα

231 2906 350 2985 παῖδες
369 2904 424 2972 τοί
444 2904 635 2989 μετόπισθε
656 2905 876 2992 λελειμμένοι,
900 2900 936 2973 εί
954 2901 985 2972 κ’
1007 2900 1220 2988 ’Λι-αμὲμνων

229 3006 315 3096 ννυίῃ
339 3003 371 3074 α’
392 3002 577 3098 Ἀτρείδης,
599 3000 730 3077 τ’νοίωσι
753 3009 791 3077 δὲ
813 3007 935 3088 πάντες
956 3001 1113 3090 Ἀχαιοί.”

274 3101 320 3189 ὦς
341 3104 448 3199 ἔφατ’,
471 3105 599 3178 ἔδεισεν
622 3107 655 3177 δ’
678 3109 697 3180 ό
717 3113 832 3200 κέρων,
855 3109 979 3201 κήρυκα
1001 3104 1033 3177 δ’
1056 3103 1180 3198 ἀνίστη.

180 3237 219 3276 σοι
232 3216 340 3279 τοῖσιν
362 3207 396 3277 δ’
413 3208 567 3298 Ἑρμείας
589 3210 673 3296 ζεῦξ’
696 3216 825 3296 ἵππους
844 3210 1002 3302 ήμιόνους
1021 3236 1071 3292 τε,

231 3310 339 3403 ῥίμφα
361 3310 392 3380 δ’
416 3310 469 3401 ἀρ’
492 3310 589 3394 αὐτὸς
610 3312 724 3384 ἔλαυνε
744 3316 828 3384 κατά
850 3313 1000 3405 στρατόν,
1023 3310 1102 3384 ούδέ
1120 3338 1174 3393 τις
1195 3309 1284 3381 έννω.

232 3411 305 3481 ἀλλ’
328 3412 383 3482 ὅτε
406 3416 445 3505 δή
468 3415 572 3506 πόρον
592 3409 664 3500 ἷξον
685 3416 827 3509 έυρρεῖος
848 3419 1029 3499 ποταμοῖο,

227 3513 379 3604 Ἑρμείας
399 3517 457 3601 μὲν
478 3513 586 3586 ἔπειτ’
609 3516 719 3607 ἀπέβη
741 3519 826 3608 πρὸς
846 3517 971 3605 μακρὸν
981 3512 1166 3600 Ὄλυμπον,

178 3642 216 3682 εει
228 3619 314 3698 Ἠώς
336 3618 373 3686 δὲ
394 3619 623 3710 κροκόπεπλος
643 3617 797 3689 ἐκίδνατο
818 3621 931 3686 πᾶσαν
952 3613 1005 3685 έπ’
1029 3609 1118 3697 αἶαν,

231 3717 269 3790 οἳ
288 3716 319 3788 δ’
342 3719 376 3800 ἐς
395 3720 498 3788 εάοτυ
521 3718 603 3789 ἔλων
623 3718 751 3812 ολμωοῇ
772 3746 808 3788 τε
829 3720 971 3808 στοναχῇ
991 3742 1028 3785 τε

229 3826 369 3904 ἵππους,
393 3820 527 3912 ήμίονοι
550 3822 587 3890 δὲ
607 3821 698 3891 νέκυν
720 3821 827 3913 φέρον.
872 3818 949 3888 ούδέ
967 3845 1021 3900 τις
1043 3814 1142 3900 ἀλλος

230 3923 311 4013 έχνω
334 3921 461 4013 πρόσθ’
484 3921 608 4012 ἀνδρῶν
629 3922 836 4006 καλλιζώνων
856 3949 893 3992 τε
912 3923 1089 4004 τυναικῶν,

230 4023 302 4095 ἀλλ’
324 4022 388 4116 ἀρα
409 4025 624 4118 Κασσάνδρη,
647 4025 760 4116 τικέλη
782 4025 898 4115 χρυσέῃ
922 4021 1118 4116 Ἀφροδίτῃ,

177 4152 215 4192 ⁷00
228 4130 405 4218 Πέρναμον
426 4127 631 4215 εἰσαναβᾶσα
652 4126 750 4220 φίλον
770 4124 886 4219 πατέρ’
909 4125 1091 4220 εἰσενόησεν

229 4229 361 4300 ἑστεῶτ’
383 4230 418 4301 έν
440 4230 565 4325 δίφρῳ,
586 4230 712 4323 κήρυκά
734 4257 771 4300 τε
790 4230 1035 4322 εαστυβοοίτην,

262 4461 312 4514 693
331 4456 447 4520 Ξάνθου
464 4456 620 4529 δινήεντος,
637 4452 672 4513 ὃν
688 4452 833 4516 ἀθάνατοι
848 4455 941 4512 τέκετο
959 4452 1040 4521 Ζεύς,
