2872 5016
1214 241 1235 306 3

136 399 175 457 K.
219 390 399 459 Δολώνεια.
1253 389 1292 452 10

202 512 381 585 Ἀιαμέμνων
393 512 574 588 ἀτρυπνὴσας
586 512 715 581 ἀνίστησι
727 511 791 574 τοὺς
802 511 934 588 ἀρίστους
946 518 1002 570 τών
1011 513 1148 584 Ἑλλήνων
1156 512 1239 577 αύτός

234 617 263 652 τε
275 603 321 652 καὶ
335 601 492 659 Μενέλαος·
505 602 551 653 καὶ
563 599 611 654 eu>
623 603 670 668 της
682 596 791 671 τάφρου
804 595 1080 671 συμβουλευσάμενοι
1088 602 1239 671 πέμπουσι

234 680 430 743 κατασκόπους
442 685 480 743 είς
492 680 523 736 τὸ
536 687 592 738 τῶν
605 683 710 756 Τρώων
722 681 915 755 στρατόπεδον
925 680 1061 738 Ὀδυσσέα
1071 686 1117 737 καλ
1126 682 1237 755 Διομή-

235 769 298 834 δην,
317 769 346 820 οἳ
357 765 475 822 Δόλωνα
489 768 543 839 μὲν
556 767 774 836 συναντήσαντες
786 766 941 842 ἀναιροῦσι,
954 768 1116 843 πυθόμενοι
1128 771 1159 823 δὲ
1171 767 1236 842 παρ’

234 848 319 904 αὐτοῦ
332 849 432 919 Ῥῆσόν
452 870 513 906 τινα
524 856 639 919 βασιλέα
648 858 694 906 καὶ
709 857 819 926 Θρᾷκας
831 860 971 928 παρεῖναι,
983 855 1054 909 ἔνθα
1065 873 1094 909 τε
1106 856 1237 927 έστρατο-
1274 888 1279 895 ·

235 934 421 1003 πεδεύσαντο,
439 934 607 996 ἐπελθόντες
623 938 816 1010 δολοφονοῦσι
827 936 878 993 τὸν
887 937 985 1008 Ῥῆσον
996 943 1043 994 καλ
1054 943 1110 994 τῶν
1121 940 1239 1012 ἑταίρων

234 1017 323 1087 τινάς,
335 1019 400 1080 τούς
411 1039 440 1074 τε
453 1023 561 1082 ἵππους
572 1019 658 1075 αὐτοῦ
670 1018 861 1082 ἀπελάσαντες
873 1025 912 1082 είς
923 1023 974 1078 τὸν
985 1021 1171 1095 ναύσταθμον
1182 1041 1237 1076 πα·

235 1114 406 1178 ρατίνονται.

135 1231 181 1291 Λ.
228 1221 468 1310 Ἀταμέμνονος
488 1221 647 1314 ἀριστεία.
1254 1250 1288 1308 11

203 1343 383 1419 Ἀταμέμνων
399 1344 481 1407 αὐτός
498 1366 527 1402 τε
540 1346 732 1421 ὁπλισάμενος
743 1352 789 1402 καὶ
801 1347 865 1410 τοὺς
877 1346 976 1409 ἀλλους
987 1351 1165 1409 καθοπλίσας
1176 1344 1238 1403 Ἕλ-

233 1436 315 1500 ληνας
331 1430 422 1494 έξάτει
437 1435 485 1488 ἐπὶ
501 1431 551 1488 τὸν
567 1431 701 1506 πόλεμον.
727 1430 833 1505 Ἕκτωρ
852 1435 883 1488 δὲ
896 1432 967 1494 Διὸς
977 1431 1158 1493 κελεύσαντος
1170 1431 1238 1489 ἀνα-

229 1522 320 1589 χωρεῖ
329 1520 375 1586 τῆς
385 1515 484 1590 μάχης,
499 1516 548 1578 ἕως
562 1514 742 1593 Ἀταμέμνων
753 1519 801 1573 ἐπὶ
810 1517 860 1574 τὸν
869 1517 1055 1591 ναύσταθμον
1064 1517 1236 1581 διασώζεται.

232 1600 301 1672 μετὰ
319 1605 404 1655 ταῦτα
417 1600 568 1662 Ὀδυσσεύς
584 1606 805 1677 κυκλωσαμένων
821 1601 907 1659 αὐτὸν
918 1607 974 1659 τῶν
987 1600 1093 1678 Τρώων
1104 1599 1235 1675 ἀμύνεται

234 1682 346 1749 αύτούς,
361 1692 485 1746 Αἴαντος
502 1691 548 1740 καὶ
562 1686 711 1742 Μενελάου
721 1687 924 1756 βοηθησάντων
932 1687 1014 1758 αὐτῷ.
1039 1685 1239 1761 τιτρώσκονται

233 1773 330 1840 μέντοι
352 1774 407 1826 τῶν
425 1769 560 1839 Ἑλλήνων
581 1777 610 1826 οί
631 1769 751 1844 άριστοι,
767 1771 948 1846 Ἀναμέμνων
967 1773 1021 1843 μὲν
1040 1769 1097 1826 ὑπὸ
1113 1769 1237 1834 Κόωνος,

233 1851 383 1915 Ὀδυσσεύς
395 1855 426 1908 δὲ
439 1853 496 1908 ἀπὸ
505 1855 617 1910 Σώκου·
632 1858 688 1911 ὑπὸ
698 1855 916 1932 δὲἈλεξάνδρου
925 1856 1084 1919 τοξεύονται
1092 1853 1240 1928 Διομήδης

235 1944 281 1993 καὶ
297 1935 463 2010 Εὐρύπυλος
475 1944 521 1993 καλ
534 1939 672 2010 Μαχάων,
687 1938 720 1997 ὃν
732 1941 885 1997 ἐπανιόντα
898 1940 950 1997 σὺν
961 1945 1085 2016 Νέστορι
1095 1939 1238 2012 θεασάμε-

236 2043 284 2083 νος
296 2021 432 2095 Ἀχιλλεύς
448 2026 642 2097 διαπέμπεται
657 2026 822 2102 Πάτροκλον
837 2026 1044 2100 μαθησόμενον
1058 2031 1100 2086 τίς
1117 2030 1158 2092 εἴη
1171 2023 1186 2078 ὁ
1199 2043 1240 2079 τε·

236 2112 383 2183 τρωμένος.
409 2105 424 2164 ὃ
442 2111 474 2164 δὲ
490 2107 663 2183 ἀφικόμενος
679 2117 725 2165 καὶ
736 2109 840 2184 μαθών
852 2109 996 2182 Μαχάονα
1008 2111 1087 2173 εἶναι,
1100 2107 1178 2183 παρά
1189 2110 1240 2163 τοῦ

236 2198 380 2268 Νέστορος
396 2199 586 2270 προτρέπεται
597 2194 613 2264 ἢ
626 2196 675 2252 τὸν
681 2195 798 2268 Ἀχιλλέα
811 2205 909 2252 πεῖσαι
921 2199 1103 2269 συμμαχῆσαι
1114 2201 1173 2254 τοῖς
1182 2191 1240 2248 Ἓλ-

236 2277 347 2347 λησινῆ
365 2279 447 2341 αὐτὸς
462 2284 533 2336 νοῦν
549 2280 640 2350 λαβὼν
656 2279 705 2349 τὴν
722 2289 893 2353 παντευχίαν
908 2278 1106 2352 τοῦἈχιλλέως
1117 2280 1240 2341 ἐξελθεῖν

235 2367 275 2423 είς
293 2362 396 2436 μάχην.
426 2364 650 2438 ἐπανερχόμενος
668 2369 699 2421 δὲ
717 2364 874 2441 περιτυχών
889 2363 1046 2436 Εὐρυπύλῳ
1063 2371 1185 2437 κομίσας
1201 2365 1241 2427 τίς

235 2446 284 2508 τὰς
295 2452 361 2510 ναῦς
373 2449 533 2525 θεραπεύει.

136 2573 187 2634 Μ.
230 2568 434 2654 τειχομαχία.
1256 2579 1294 2640 12

203 2685 361 2759 ἀποβάντες
381 2695 411 2746 οἱ
432 2695 525 2767 Τριῦες
545 2697 601 2748 τών
622 2696 720 2748 ἵππων
740 2694 918 2760 διαβαίνουσι
939 2690 991 2760 τὴν
1009 2688 1130 2765 τάφρον,
1149 2697 1241 2746 καίτοι

235 2772 372 2830 ἀπαισίου
389 2773 484 2838 αὐτοῖς
499 2782 637 2850 φανέντος
653 2780 763 2839 οἰωνοῦ,
777 2781 824 2830 καὶ
837 2779 876 2836 είς
887 2780 970 2830 πέντε
982 2772 1070 2837 τάξεις
1081 2775 1240 2849 διαιρεθέν-

235 2877 279 2918 τες
296 2858 507 2934 προσβάλλουσι
518 2867 557 2933 τη]
569 2870 655 2934 τείχει
663 2866 719 2917 τών
729 2857 872 2928 Ἑλλήνων.
898 2859 968 2914 ἔνθα
979 2859 1142 2934 Σαρπηδών
1153 2860 1240 2913 ἔπαλ-

235 2947 279 3006 ξιν
294 2950 437 3015 κατασπᾷ,
448 2943 550 3022 Ἕκτωρ
569 2949 599 3002 δὲ
616 2950 689 3017 λίθῳ
705 2946 798 3015 βαλών
815 2945 863 3006 τὰς
880 2943 969 3006 πύλας
980 2945 1065 3012 έπέβη
1078 2950 1137 3004 ταῖς
1148 2951 1239 3008 ναυσί,

235 3031 280 3082 καὶ
294 3032 323 3083 οἱ
334 3026 415 3084 ἄλλοι
427 3031 479 3086 σὺν
490 3029 564 3101 αύτῷ
577 3031 680 3090 πάντες
693 3035 794 3102 Τρῶες.

135 3155 174 3214 Ν.
218 3148 305 3239 μάχη
320 3147 382 3217 ἐπὶ
394 3155 468 3230 ταῖς
481 3149 603 3218 ναυσίν.
1256 3166 1294 3227 13

203 3271 353 3324 Ποσειδῶν
368 3273 538 3342 νικωμένους
555 3272 640 3326 έλειῦν
655 3270 720 3330 τοὺς
731 3266 861 3337 Ἕλληνας
873 3270 1021 3343 ὁμοιοῦται
1032 3267 1177 3340 Κάλχαντι
1192 3272 1240 3324 καλ

241 3350 421 3430 ἀμφοτέρους
442 3355 507 3417 τοὺς
522 3360 647 3416 Αἴαντας
663 3359 809 3431 παρορμᾷ,
831 3355 928 3410 ἔπειτα
944 3356 976 3409 δὲ
992 3358 1037 3409 καὶ
1054 3354 1119 3416 τοὺς
1133 3350 1238 3417 ἀλλους.

235 3440 306 3514 μετὰ
323 3445 407 3494 ταῦτα
422 3437 577 3514 Ἰδομενεὺς
595 3439 734 3513 ἀριστεύει
751 3445 798 3496 καὶ
814 3438 925 3515 ἀναιρεῖ
937 3438 1090 3515 Ὀθρυονέα
1106 3449 1155 3496 καί
1164 3460 1240 3502 τινας

235 3522 341 3588 ἀλλους.
367 3528 469 3581 πολλοὶ
482 3528 514 3581 δὲ
525 3524 616 3582 αύτιῦν
627 3523 815 3600 ἀναιροῦνται,
841 3524 1040 3598 τιτρώσκονται
1052 3526 1084 3581 δέ
1093 3532 1240 3598 Δηίφοβος

234 3616 281 3666 καὶ
293 3607 411 3674 Ἕλενος.
436 3611 501 3672 τοὺς
512 3613 544 3667 δὲ
555 3612 700 3681 ὑπηκόους
712 3611 987 3685 συνατιιτώνἝκτωρ
1000 3609 1101 3669 ἐπάτει
1113 3619 1171 3674 τοῖς
1183 3632 1237 3668 πο·

234 3701 349 3769 λεμίοις,
363 3701 409 3752 καὶ
419 3695 549 3768 μετάλως
560 3694 766 3772 ἀμφοτέρωθεν
777 3695 965 3772 ἀναιροῦνται.

134 3815 171 3887 Ξ
217 3817 301 3897 Διὸς
314 3813 436 3908 ἀπάτη.
1256 3833 1294 3894 14

206 3933 388 4011 Ἀταμέμνων
400 3936 627 4012 συμπαραλαβών
638 3936 703 3998 τοὺς
715 3943 883 4010 τραυματίας
891 3939 937 3992 καλ
945 3938 1076 4012 Νέστορα
1086 3936 1139 3992 σὺν
1148 3933 1242 3996 αὐτοῖς

235 4023 336 4084 ἔξεισιν
352 4025 400 4078 ἐπὶ
416 4023 467 4077 τὸν
484 4021 620 4094 πόλεμον,
645 4018 723 4098 ’Ἦρα
736 4024 767 4077 δὲ
784 4023 834 4078 τὸν
850 4021 950 4077 κεστὸν
966 4025 1088 4098 λαβοῦσα
1104 4021 1180 4095 παρὰ
1193 4025 1240 4088 τῆς

238 4105 404 4180 Ἀφροδίτης
415 4110 585 4181 κατέρχεται,
599 4111 646 4160 καὶ
662 4107 712 4162 τὸν
723 4102 834 4163 Ὕπνον
845 4114 969 4162 πείσασα
981 4109 1100 4179 κοιμίζει
1111 4106 1161 4162 τὸν
1172 4112 1238 4161 Δία.

234 4193 384 4248 Ποσειδῶν
405 4193 437 4248 δὲ
454 4199 514 4253 τοῖς
527 4189 641 4258 Ἕλλησι
655 4197 767 4260 βοηθεῖ,
789 4195 836 4246 καὶ
854 4190 943 4251 πολύς
956 4189 1046 4262 φόνος
1060 4197 1169 4247 τίνεται
1184 4194 1240 4245 τῶν

236 4277 350 4351 Τρώων.
373 4281 449 4338 Αἴας
460 4279 492 4334 δὲ
503 4281 577 4347 λίθῳ
588 4272 802 4351 βαλώνἝκτορα
813 4273 946 4345 πλήσσει·
961 4273 977 4331 δ
989 4276 1021 4332 δέ
1033 4272 1183 4331 ἀνατατδιν
1195 4269 1240 4329 αἷ-

231 4384 273 4435 μα
285 4365 448 4434 λιποψυχεῖ.
474 4359 613 4436 ἀριστεύει
626 4362 657 4416 δὲ
669 4364 716 4415 καλ
727 4366 802 4424 Αἴας
814 4360 829 4416 ὁ
842 4360 966 4435 Λοκρός.

211 4446 217 4454 .
1004 4456 1016 4503 l
1024 4451 1037 4480 a
