2872 5016
236 242 259 306 2

237 403 279 463 A.
323 393 440 485 ὁρκίων
453 395 613 479 σύνχυοις.
649 393 887 481 Ἀταμέμνονος
909 393 1128 483 ἐπιπάλησις.
1356 391 1377 449 4

304 516 380 579 ἔδοξε
392 522 449 576 τοῖς
460 523 539 576 θεοῖς
550 515 688 586 τήνἽλιον
700 516 816 573 ἁλῶναι·
830 517 875 571 διό
890 515 993 584 Ἀθηνᾶ
1007 520 1157 571 Μενέλαον
1168 518 1336 584 τοξευθῆναι

333 599 389 655 ὑπὸ
411 600 563 675 Πανδάρου
582 601 778 675 παρεσκεύασε.
807 605 853 656 καὶ
869 598 940 655 οὕτω
958 604 1154 671 συτχυδέντων
1169 602 1225 654 τῶν
1242 595 1339 671 ὅρκων

334 683 464 756 Μαχάων
478 687 531 758 μὲν
546 689 621 739 ἰᾶται
634 690 795 753 Μενέλαον,
810 688 990 760 Ἀταμέμνων
1000 686 1030 739 δὲ
1043 682 1178 739 ἀπελθών
1188 683 1237 752 τήν
1250 699 1337 758 στρα-

332 768 394 826 τιάν
405 775 538 845 παρορμᾷ
551 775 589 831 εἰς
601 770 649 826 τόν
662 768 793 843 πόλεμον.
813 775 952 844 συμβολῆς
962 771 992 826 δὲ
1001 774 1151 841 τενομένης
1160 771 1259 824 πολλοὶ
1269 770 1337 824 ἑκα-

333 858 454 927 τέρωθεν
465 852 653 927 ἀναιροῦνται.

233 995 270 1058 Ε.
314 992 506 1082 Διομήδους
526 988 688 1080 ἀριστεία.
1354 992 1375 1050 5

299 1111 444 1183 Διομήδης
465 1110 584 1180 Ἀθηνᾶς
605 1111 679 1181 αὐτῷ
702 1116 964 1184 συλλαμβανομένης
985 1109 1123 1184 ἀριστεύει
1144 1113 1190 1164 καὶ
1211 1111 1337 1170 πολλοὺς

330 1195 439 1269 ἀναιρεῖ
452 1201 510 1253 τῶν
526 1201 683 1268 πολεμίων,
700 1197 845 1271 τιτρώσκει
861 1197 891 1250 δὲ
906 1194 1075 1269 Ἀφροδίτην
1091 1194 1160 1249 κατά
1179 1198 1225 1263 τῆς
1235 1193 1336 1267 χειρὸς

330 1286 376 1336 καλ
395 1279 474 1355 Ἀρεα
499 1278 569 1334 κατὰ
596 1285 646 1332 τοῦ
671 1285 811 1341 κενεῶνος.
840 1284 958 1336 Αἰνείαν
978 1282 1010 1336 δὲ
1026 1284 1166 1348 πλητέντα
1182 1277 1228 1334 ὑπ’
1246 1277 1335 1334 αὐτοῦ

330 1372 404 1435 λίθῳ
418 1362 559 1418 Ἀπόλλων
576 1365 714 1427 διασώζει.
740 1364 922 1437 Τληπόλεμος
934 1365 963 1419 δὲ
981 1363 1037 1418 ὑπὸ
1053 1362 1240 1437 Σαρπηδόνος
1251 1360 1335 1417 ἀναι-

330 1455 426 1525 ρεῖται.
451 1452 490 1518 τῷ
508 1449 538 1502 δὲ
550 1445 620 1523 Ἀρει
631 1447 699 1510 Ζεὺς
711 1447 880 1517 ἐπιπλήττει,
894 1453 967 1503 ίᾶται
982 1451 1012 1503 δὲ
1025 1446 1110 1505 αὐτὸν
1121 1446 1236 1518 Παιήων
1249 1446 1264 1501 ό
1275 1451 1335 1504 τοῖν

330 1531 520 1606 δεῶνλατρός.

231 1662 269 1720 Ζ.
304 1653 460 1741 Ἕκτορος
485 1653 541 1718 καὶ
562 1649 784 1744 Ἀνδρομάχης
805 1653 928 1739 ὁμιλία.
1349 1678 1371 1739 (5

299 1777 354 1830 τῶν
373 1777 450 1830 θεῶν
470 1770 656 1829 ἀποστάντων
677 1779 723 1842 τῆς·
742 1774 834 1847 μάχης
855 1780 884 1829 οἱ
899 1772 1023 1843 Ἕλληνες
1046 1773 1168 1835 πολλοὺς
1183 1773 1332 1846 ἀναιροῦσι

329 1864 385 1916 τῶν
400 1857 512 1935 Τρώων.
538 1857 649 1914 Ἑλένου
670 1861 701 1914 δὲ
723 1859 982 1934 συμβουλεύσαντος
996 1858 1099 1933 Ἕκτωρ
1122 1864 1161 1920 είς
1180 1858 1230 1928 τήν
1246 1857 1335 1914 πόλιν

328 1939 419 1999 ἀνεισι
435 1947 481 1997 καὶ
496 1947 529 2018 τῇ
545 1947 630 2015 μητρὶ
647 1941 746 2018 Ἑκάβη
764 1945 866 2000 κελεύει
884 1943 1016 2008 εὔξασθαι
1035 1950 1068 2020 τῇ
1083 1943 1188 2014 Ἀθηνᾷ
1203 1949 1248 1998 καὶ
1261 1942 1335 1997 ὑπο·

329 2031 451 2100 σχέσθαι,
468 2027 537 2102 αὐτῇ
555 2027 665 2082 δώδεκα
678 2033 754 2097 βοῶν
765 2036 878 2099 θυσίαν,
891 2022 969 2091 ’ὅπως
980 2031 1029 2084 τὸν
1041 2028 1190 2102 Διομήδην
1202 2026 1333 2097 ἀποστή-

328 2133 385 2171 σειε
401 2120 449 2185 τῆς
464 2114 563 2189 μάχης.
588 2121 654 2176 τέως
669 2118 700 2170 δὲ
716 2113 805 2173 όντων
822 2114 914 2171 αὐτῶν
936 2118 967 2170 έν
983 2118 1021 2183 τῷ
1039 2115 1129 2182 πεδίῳ
1147 2116 1268 2173 Ιλαῦκος
1284 2117 1332 2166 καὶ

328 2200 476 2272 Διομήδης
487 2199 726 2275 ἀνατνωρίσαντες
738 2207 836 2274 ηιλίαν
849 2199 985 2272 πατρικήν
997 2195 1201 2253 διαλλάσσουσι.
1213 2194 1246 2251 τά
1256 2195 1333 2250 όπλιι

326 2282 461 2352 ἀλλήλοις.
492 2280 594 2355 Ἕκτωρ
617 2287 649 2339 δὲ
671 2290 827 2356 διαλεχθεὶς
845 2290 877 2359 τῇ
894 2291 978 2359 μητρὶ
993 2281 1091 2358 Ἑκάβη
1109 2288 1155 2337 καλ
1171 2287 1203 2356 τῇ
1221 2287 1329 2337 τυναικλ

329 2364 506 2441 Ἀνδρομάχη
519 2366 571 2423 σὺν
583 2373 620 2437 τῷ
633 2367 749 2438 άδεληηῖ
763 2370 931 2443 Ἀλεξάνδρῳ
950 2375 989 2429 εἰς
1001 2369 1051 2426 τὸν
1063 2367 1191 2441 πόλεμον
1203 2369 1313 2430 ἔξεισιν.

230 2491 270 2550 Η.
316 2482 471 2576 Ἕκτορος
500 2487 557 2552 καὶ
583 2484 735 2569 Αἴαντος
766 2489 961 2575 μονομαχία.
1002 2491 1119 2578 νεκρῶν
1152 2483 1368 2575 άναίρεσις.7

292 2605 403 2661 Ἑλένου
421 2605 788 2684 συμροιιλεύσαντοςἝκτωρ
802 2615 983 2684 προκαλεῖται
994 2613 1050 2665 τῶν
1059 2606 1195 2677 Ἑλλήνων
1207 2608 1256 2664 τὸν
1267 2605 1330 2680 άρι-

328 2707 397 2746 στον
414 2695 453 2752 είς
468 2699 657 2765 μονομαχίαν.
682 2695 761 2751 ἒννέά
778 2698 809 2751 δὲ
826 2694 1007 2750 ἀναστάντων
1019 2695 1117 2765 ἔλαχεν
1127 2693 1228 2755 Αἴαςό
1243 2697 1329 2750 Τελα-

327 2773 445 2847 μώνιος,
467 2782 513 2831 καὶ
533 2785 667 2838 νενναίως
686 2776 786 2841 αὐτοὺς
808 2777 1035 2848 άτωνισαμένους
1052 2777 1200 2834 διαλύουσι
1216 2778 1330 2853 κήρυκες

327 2861 448 2933 ἑσπέρας
459 2864 618 2932 τενομένης.
643 2866 674 2936 ιη’·
689 2861 714 2916 δ’
728 2865 788 2932 ἑξῆς
800 2865 864 2924 τοὺς
877 2863 988 2938 νεκροὺς
998 2862 1163 2938 ἀνελόμενοι
1175 2861 1329 2929 θάπτουσι,

328 2948 374 2998 καὶ
386 2951 478 3015 τεῖχος
490 2941 653 3014 οἱἛλληνες
664 2946 930 3013 κατασκευάζουσιν,
944 2949 987 3021 ἐφ’
1002 2938 1025 3018 ᾧ
1037 2948 1051 3003 ό
1065 2951 1215 3005 Ποσειδῶν
1226 2947 1330 3019 ἧτανά·

327 3045 434 3097 κτησεν.
458 3027 527 3091 Ζεύς
539 3049 565 3084 τε
584 3028 678 3091 αὐτοῖς
691 3030 738 3085 διὰ
757 3031 853 3092 νυκτὸς
870 3040 972 3105 σημεῖα
989 3031 1039 3087 οὐκ
1055 3038 1133 3089 αῖοια
1149 3038 1206 3090 ταῖν
1216 3034 1328 3107 μελλόν-

327 3134 382 3171 των
394 3117 544 3170 δείκνυσιν.

230 3239 267 3301 Θ·
312 3234 408 3316 κόλος
431 3234 527 3326 νάειν·
1345 3259 1366 3321 ε

294 3356 364 3416 Ζεὺς
380 3353 577 3429 ἀπατορεύσας
596 3367 654 3419 τοῖς
671 3368 749 3421 θεοῖς
764 3363 908 3436 μηδετέρῳ
920 3371 1037 3431 βοηθεῖν
1048 3365 1105 3418 τῶν
1117 3361 1332 3439 στρατευμάτων

325 3441 374 3494 ἐπὶ
383 3438 433 3510 τὴν
438 3437 483 3494 ’Ἰδ
486 3460 518 3508 ην
526 3446 694 3515 κατέρχεται,
704 3448 749 3496 καὶ
760 3443 899 3517 πρότερον
909 3451 973 3501 ἴσον
981 3452 1160 3519 μαχομένους
1169 3443 1332 3513 τούςἝλλη-

325 3543 374 3586 νας
392 3523 540 3588 ἐλάττονας
557 3531 613 3583 τῶν
626 3525 731 3601 Τριόων
743 3533 919 3594 καθίστησιν.
950 3527 1041 3603 Ἥραν
1053 3531 1083 3583 δὲ
1096 3533 1141 3583 καὶ
1152 3528 1274 3598 Ἀθηνᾶν
1282 3533 1331 3587 ἐπὶ

324 3609 460 3679 βοήθειαν
479 3619 539 3672 τοῖς
553 3608 683 3679 Ἕλλησιν
699 3610 827 3675 ἐξιούσας
842 3613 961 3684 έπέσχεν
971 3608 1039 3687 Ἶρις
1056 3611 1128 3673 Διὸς
1143 3614 1331 3677 κελεύσαντος.

324 3694 446 3768 ἑσπέρας
466 3697 496 3750 δὲ
517 3701 670 3769 τενομένης
686 3692 787 3774 Ἕκτωρ
809 3696 1020 3772 έδημητόρησεν
1037 3699 1068 3753 δν
1088 3700 1127 3765 τῷ
1148 3698 1238 3768 πεδίῳ
1259 3698 1330 3756 ὥστε

325 3778 601 3854 στρατοπεδεύεσθαι
613 3786 659 3835 καὶ
672 3785 728 3855 πῦρ
742 3781 777 3836 δι’
792 3780 856 3850 ὅλης
868 3783 965 3844 νυκτὸς
977 3789 1074 3837 καίειν.

225 3903 250 3962 Ι.
295 3899 458 3989 πρεσβεία
480 3895 565 3989 πρὸς
584 3899 748 3986 Ἀχιλλέα.
793 3902 893 3971 λιταί.
1346 3920 1365 3978 9

293 4015 501 4094 Ἀταμέμνονος
518 4019 778 4094 συμβουλεύσαντος
789 4031 849 4082 τοῖς
857 4020 965 4091 Ἕλλησι
979 4021 1094 4097 φεύτειν
1105 4021 1269 4081 ἀνίστανται
1282 4024 1331 4095 τὴν

321 4104 451 4162 ἐναντίαν
462 4103 690 4179 ἀποφαινόμενοι
708 4105 824 4181 ενιόμην
840 4108 987 4181 Διομήδης
1000 4115 1046 4166 καὶ
1057 4117 1184 4188 Νέστωρ.
1209 4119 1330 4184 συμβου-
1397 4132 1399 4136 “

321 4188 472 4253 λεύσαντος
490 4192 520 4246 δὲ
537 4196 681 4266 Νέστορος
703 4191 774 4267 πρὸς
794 4192 918 4265 Ἀχιλλέα
936 4199 1100 4269 πέμπονται
1116 4201 1255 4272 πρέσβεις.
1285 4199 1329 4249 καλ

322 4274 469 4341 δεηθεῖσιν
480 4274 612 4332 ἀντεῖπεν
621 4273 716 4337 αὐτοῖς
727 4274 873 4349 Ἀχιλλεύς.
895 4282 924 4333 οἳ
933 4282 964 4336 δὲ
973 4282 1193 4348 άπαατέλλουσι,
1203 4285 1248 4335 καλ
1259 4279 1330 4354 μετά

323 4361 406 4413 ταῦτα
419 4365 459 4420 είς
471 4356 562 4417 ὕπνον
574 4365 732 4434 τρέπονται.
