2872 5016
527 249 551 294 2.
590 243 810 295 ΙΛΙΛΔΟΣΒ

121 396 226 490 ἰητῆρ’
248 395 383 481 άναθώ,
405 396 624 488 Ποδαλείριος
646 394 707 488 ήδὲ
728 397 888 482 Μαχάων.

121 507 189 582 τοῖς
211 500 249 569 δὲ
270 501 447 589 τριήκοντα
467 502 634 591 τλαφυραὶ
655 499 723 578 νέες
744 499 948 581 ἐστιχόωντο.

163 600 198 671 οἳ
219 601 250 670 δ’
274 600 346 684 ἔχον
364 599 543 690 Ὀρμένιον,
567 605 602 668 οί
620 628 657 669 τε
674 601 794 690 «κρήνην
811 600 996 689 Ὑπέρειαν,

68 738 106 778 ωε
121 708 157 773 οἵ
175 702 203 770 τ’
228 702 301 786 ἔχον
322 699 491 791 Ἀστέριον
517 703 673 770 Τιτάνοιό
695 729 731 769 τε
752 705 851 769 λευκά
873 702 1009 790 κάρηνα,

118 808 184 871 τών
205 798 278 894 ἦρχ’
303 803 494 891 Εὐρύπυλος
512 801 702 887 Ἐυαίμονος
724 801 846 883 άτλαδς
867 801 949 884 υἱός,

118 910 166 995 τῷ
190 903 224 973 δ’
248 905 318 991 ἅμα
339 887 582 994 τεσσάράκοντα
604 906 754 989 μέλαιναι
778 906 850 992 νῆες
873 905 1004 972 ἕποντο.

162 1003 199 1074 οἳ
218 1006 250 1073 δ’
270 1003 450 1094 ’Άρνισσαν
471 1003 544 1090 ἔχον
565 1006 622 1074 καί
645 1007 815 1096 Γυρτώνην
837 1006 996 1091 ἐνέμοντο,

108 1107 238 1198 ’Όρθην
258 1106 402 1197 Ἠλώνην
421 1133 457 1174 τε
479 1107 580 1175 πόλιν
601 1104 633 1174 τ’
654 1104 850 1176 Ὀλοοσσόνα
871 1106 998 1195 λευκήν,

66 1245 105 1282 τω
119 1213 183 1277 τῶν
207 1204 288 1277 αὖθ’
312 1208 486 1299 ήτεμόνευε
507 1210 747 1295 μενεπτόλεμος
767 1208 994 1297 Πολυποίτης,

120 1310 191 1392 υἱός
210 1311 416 1400 Πειριθόοιο
437 1313 495 1379 τόν
518 1308 688 1391 α’θάνατος
708 1310 821 1378 τέκετο
844 1311 941 1392 Ζεύς,

118 1413 174 1481 τόν
197 1410 225 1502 ῥ’
251 1411 319 1480 ύπδ
341 1412 519 1501 Πειριθόῳ
541 1414 654 1481 τέκετο
675 1414 789 1492 κλυτὸς
807 1411 1032 1495 Ἱπποδάμεια

121 1513 222 1604 ήματι
243 1516 290 1602 τῷ
313 1513 368 1581 ὅτε
389 1518 496 1604 φήρας
518 1513 649 1582 ἐτίσατο
671 1515 878 1604 λαχνήεντας,

120 1619 195 1697 τούς
218 1613 250 1683 δ’
273 1616 309 1683 ἐκ
331 1614 458 1705 Πηλίου
481 1610 547 1684 ώσε
568 1618 625 1682 καὶ
647 1614 839 1683 Αἰθίκεσσι
860 1615 1101 1693 πέλασσεν-η

73 1752 112 1791 πε
128 1716 185 1786 ούκ
208 1711 291 1798 οἷος,
316 1715 384 1802 άμα
406 1721 453 1806 τῷ
474 1743 512 1784 τε
535 1719 699 1796 Λεοντεύς
722 1713 942 1805 ἀ’ζοςἌρηος,

120 1818 191 1900 υίὸς
212 1818 422 1909 ὑπερθύμοιο
444 1818 600 1906 Κορώνου
623 1819 814 1885 Καινεΐδαο.

120 1927 191 2001 τοῖς
213 1919 242 1987 δ’
267 1919 336 2004 άμα
358 1920 599 2006 τεσσαράκοντα
621 1920 776 2003 μέλαιναι
798 1921 870 2007 νῆες
892 1916 1020 1985 έποντο.

164 2022 301 2100 Γουνεδς
324 2018 353 2086 δ’
377 2020 414 2087 ἐκ
436 2021 553 2110 Κύφου
578 2013 635 2109 ήτε
658 2017 928 2086 δυωκαιεεείκοσι
950 2023 1043 2109 νῆας·

121 2125 168 2210 τῷ
190 2120 223 2189 δ’
243 2118 382 2210 Ἐνιῆνες
403 2119 525 2190 έποντο
545 2121 784 2208 μενεπτόλεμοί
804 2148 841 2188 τε
862 2120 1039 2210 Περαιβοί,

70 2253 107 2293 τω
123 2225 159 2293 οἳ
178 2225 256 2316 περὶ
278 2223 443 2315 Δωδώνην
465 2225 660 2313 δυσχείμερα
682 2222 785 2293 εοικί
808 2224 938 2307 ἔθεντο,

123 2331 159 2397 οἵ
177 2324 207 2395 τ’
232 2324 317 2418 ἀμφ’
342 2325 471 2417 ίμερτδν
498 2327 696 2418 Τιταρήσιον
717 2325 796 2417 έρτα
817 2329 963 2412 νέμοντο,

124 2430 160 2510 ὅς
182 2427 213 2519 ρ’
236 2430 270 2509 ές
290 2431 432 2519 Πηνειόν
453 2433 567 2515 προϊεῖ
586 2427 775 2520 καλλίρροον
796 2427 893 2517 ύδωρ.

123 2530 194 2601 οὐδ’
218 2529 296 2599 ὅτε
317 2533 449 2621 Πηνειῷ
471 2529 690 2615 συμμίσνεται
713 2529 923 2621 άρευροδίνη,

123 2632 204 2702 άλλά
226 2635 263 2701 τέ
282 2658 339 2717 μιν
361 2633 579 2722 καθύπερθεν
600 2633 748 2724 ἐπιρρέει
771 2631 843 2724 ἠύτ’
865 2632 990 2702 έλαιον·

71 2756 109 2797 ⁷⁵⁵
125 2736 223 2825 ὅρκου
245 2735 306 2824 κάρ
330 2736 438 2802 δεινοῦ
458 2737 581 2815 Στυτός
602 2732 724 2815 ύδατός
746 2736 835 2803 ἐστιν
857 2733 1022 2826 άπορρώξ.

163 2838 351 2926 Ματνήτων
373 2835 404 2903 δ’
429 2831 524 2926 ήρχεν
544 2837 703 2926 Πρόθοος
729 2838 956 2928 Τενθρηδόνος
977 2835 1061 2919 υἱός,

124 2938 160 3009 οἳ
178 2940 256 3027 περὶ
277 2940 421 3029 Πηνειδν
442 2940 499 3007 καί
521 2939 649 3029 Πήλιον
672 2937 899 3030 εἰνοσίφυλλον

122 3040 280 3110 ναίεσκον.
323 3044 387 3108 τῶν
407 3041 467 3127 μέν
489 3040 646 3131 Πρόθοος
667 3043 754 3120 θοδς
775 3039 982 3130 ήτεμόνευεν,

122 3154 169 3233 τῷ
193 3142 224 3211 δ’
247 3142 316 3227 δίμα
337 3143 579 3233 τεσσαράκοντα
601 3144 757 3227 μέλαιναι
779 3146 852 3232 νῆες
874 3141 1002 3210 ἕποντο.

71 3281 110 3319 :⁶0
166 3236 260 3311 οὗτοι
284 3238 337 3330 δίρ’
360 3240 514 3332 ήτεμόνες
535 3246 676 3311 Δαναῶν
698 3243 754 3310 καὶ
777 3242 925 3334 κοίρανοι
946 3238 1037 3334 ἦσαν.

121 3344 173 3427 τίς
193 3341 224 3411 τ’
249 3339 290 3432 άρ
312 3345 378 3409 τῶν
400 3338 450 3428 όχ’
474 3340 609 3432 άριστος
631 3342 698 3436 ἔην,
722 3346 762 3412 σύ
784 3371 843 3430 μοι
865 3342 990 3427 ἔννεπε,
1012 3355 1135 3432 μοῦσα,

123 3445 230 3515 αὐτῶν
250 3441 306 3536 ἠδ’
328 3446 457 3527 ίππων,
482 3442 519 3514 οἳ
538 3443 595 3530 ἅμ’
617 3444 824 3538 Ἀτρείδῃσιν
846 3447 974 3517 ἕποντο.

122 3553 229 3617 ἵπποι
250 3547 309 3633 μέν
329 3544 402 3632 μέτ’
427 3544 562 3636 άρισται
584 3545 662 3616 έσαν
684 3549 913 3639 Φηρητιάδαο,

123 3652 182 3730 τάς
200 3647 358 3739 Ἐόμηλος
381 3646 494 3726 ἔλαυνε
516 3650 693 3731 ποδώκεας
715 3649 854 3739 όρνιθας
876 3650 933 3734 ώς,

68 3785 108 3827 ⁷6⁵
124 3750 254 3841 ότριχας
277 3747 423 3834 ότέτεας,
447 3751 596 3843 σταφύλη
619 3752 679 3820 ἐπὶ
701 3755 803 3820 νώτον
825 3752 951 3834 ἑνίσας·

121 3855 181 3934 τάς
202 3853 236 3920 έν
257 3851 382 3941 Πηρείῃ
405 3850 511 3943 θρέψ’
533 3851 747 3943 άρτυρότοξος
767 3852 951 3935 Ἀπόλλων,

123 3954 223 4046 άμφω
245 3953 399 4044 θηλείας,
422 3953 529 4045 φόβον
547 3953 668 4047 ’Άρηος
689 3956 881 4047 φορεούσας.

89 4103 92 4110 ·
123 4055 248 4147 άνδρών
270 4052 310 4124 αύ
331 4052 405 4140 μέν’
428 4052 563 4143 δίριστος
585 4055 640 4147 ἔην
666 4057 874 4143 Τελαμώνιος
895 4056 1004 4138 Αἴας,

122 4159 200 4253 ὄφρ’
214 4159 362 4245 Ἀχιλεύς
383 4158 510 4248 μήνιεν·
534 4155 554 4227 δ’
574 4161 637 4249 τάρ
659 4161 744 4227 πολύ
767 4160 928 4250 φέρτατος
951 4153 1018 4247 ήεν,

68 4303 107 4343 πυ
122 4257 232 4332 ἵπποι
249 4259 289 4330 θ’
312 4260 349 4331 οἳ
367 4260 544 4352 φορέεσκον
567 4258 720 4346 άμύμονα
741 4262 923 4351 Πηλεΐωνα.

124 4363 192 4433 άλλ’
216 4358 237 4433 δ
258 4364 318 4450 μέν
339 4363 373 4432 ἐν
394 4365 509 4454 νήεσσι
531 4362 685 4451 κορωνίσι
709 4362 969 4450 ποντοπόροισιν
1044 4421 1046 4426 .
