2872 5016
593 267 635 314 12.
672 263 857 316 ΙΛΙᾸΔΟΣ
876 266 904 314 Μ

193 414 309 500 είσμτο
330 417 392 506 τδρ
414 419 497 507 νηῶν
518 415 574 485 ἐπ’
599 414 770 504 ἀριστερά,
792 420 833 506 τῇ
856 442 918 505 περ
941 414 1074 500 Ἀχαιοί

194 518 232 587 ἐκ
253 516 374 587 πεδίου
395 518 547 588 νίσσοντο
568 520 625 586 σύν
646 521 809 586 ἵπποισιν
828 519 887 585 καὶ
909 515 1058 610 όχεσφιν·

141 649 183 690 120
196 623 238 710 τῇ
259 617 291 707 ῥ’
312 624 440 701 ἵππους
460 647 496 688 τε
518 623 576 688 καὶ
599 621 688 708 δι’ρμα
711 621 877 709 διήλασεν,
902 618 979 689 οὐδὲ
1000 623 1144 716 πύλῃσιν

194 714 260 808 εὗρ’
283 722 534 809 ἐπικεκλιμένας
555 721 693 802 σανίδας
714 724 771 789 καί
792 724 917 811 μακρὸν
940 721 1035 813 ὀχῆα,

194 820 262 891 ἀλλ’
286 820 563 911 ἀναπεπταμένας
584 823 656 908 ἔχον
678 823 802 914 άνέρες,
826 824 943 893 εἴσιτ’
966 824 1104 916 ἑταίρων

194 925 230 992 ἐκ
252 926 400 1011 πολέμου
422 927 585 1019 φεύνοντα
607 927 773 995 σαώσειαν
793 928 877 1010 μετὰ
898 930 984 1017 νῆας.

193 1029 234 1117 τῃ
257 1023 288 1115 ῥ’
311 1024 390 1107 ἰθύς
411 1029 558 1118 φρονέων
580 1033 709 1109 ἵππους
731 1026 796 1111 ἔχε,
819 1029 873 1095 τοί
897 1026 931 1095 δ’
955 1027 1014 1114 ἅμ’
1038 1030 1159 1099 ἕποντο

128 1153 181 1194 125
196 1125 274 1210 ὀξέα
295 1132 508 1219 κεκλητῶτες·
532 1129 653 1223 ἔφαντο
674 1133 736 1217 τάρ
760 1127 868 1198 οὐκέτ’
891 1127 1046 1212 Ἀχαιούς

195 1228 357 1320 σχήσεσθ’
380 1229 448 1299 ἀλλ’
471 1232 506 1300 έν
526 1233 620 1322 νηυσί
641 1230 833 1322 μελαίνῃσιν
855 1231 1040 1300 πεσέεσθαι

194 1332 321 1420 νήπιοι.
365 1332 400 1400 ἐν
422 1333 460 1401 δὲ
482 1333 607 1426 πύλῃσι
630 1332 681 1402 δύ’
704 1330 820 1423 άνέρας
841 1326 933 1422 εὗρον
955 1331 1122 1423 α’ρίστους,

194 1426 268 1514 υἷας
291 1431 504 1520 ὑπερθύμως
514 1436 726 1504 Λαπιθάων
748 1434 949 1525 αἰχμητάων,

195 1537 251 1604 τόν
271 1536 330 1623 μὲν
350 1537 540 1623 Πειριθόου
562 1530 620 1604 υἷα
640 1540 797 1626 κρατερόν
817 1535 1042 1629 Πολυποίτην,

142 1639 253 1706 ιοοτδν
275 1638 314 1704 δὲ
335 1642 491 1728 Λεοντῆα
513 1642 717 1729 βροτολοιτῷ
737 1646 831 1708 τῖσον
849 1635 958 1729 ’Άρηκ

195 1740 243 1816 τιό
264 1738 324 1824 μέν
346 1735 411 1828 όίρα
433 1739 653 1829 προπάροιθε
674 1741 810 1807 πυλάων
830 1739 989 1828 ὑψηλάων

197 1839 338 1908 έστασαν
360 1837 403 1920 ῶς
426 1840 480 1908 ότε
500 1866 537 1906 τε
559 1842 653 1923 δρύες
674 1838 803 1927 οόρεσιν
823 1836 1037 1931 ὑψικάρηνοι,

197 1943 235 2008 αῖ
253 1938 286 2008 τ’
311 1936 432 2024 ὀίνεμον
452 1939 611 2026 μίμνουσι
633 1940 690 2007 καὶ
711 1936 804 2008 ὑετόν
824 1939 935 2031 ἤματα
956 1943 1079 2024 πάντα,

198 2042 326 2133 ῥίζῃσιν
347 2042 509 2130 μετάλῃσι
534 2038 734 2132 διηνεκέεσσ’
758 2038 927 2130 άραρυῖαι·

147 2175 184 2216 ιεε
197 2139 241 2226 ῶς
263 2142 327 2233 ὀίρα
349 2144 395 2210 τῶ
417 2142 561 2232 χείρεσσι
585 2144 795 2224 πεποιθότες
815 2142 875 2235 ήδέ
897 2143 1015 2235 βίηφιν

189 2246 312 2333 ’μίμνον
334 2245 551 2331 ἐπερχόμενον
571 2247 676 2332 μέν-αν
694 2242 822 2328 Ἄσιον,
847 2242 922 2314 οόδὲ
944 2248 1095 2336 φέβοντο.

198 2345 235 2416 οἳ
255 2345 287 2415 δ’
311 2346 389 2428 ἰθύς
411 2350 497 2435 πρός
519 2353 623 2431 τεῖχος
645 2347 815 2436 ἐύδμητον,
840 2346 922 2432 βόας
944 2345 1025 2430 σύας

196 2447 301 2540 ὑψόσ’
325 2447 554 2536 ἀνασχόμενοι,
578 2448 668 2518 έκιον
688 2449 821 2537 μενάλφ
845 2446 997 2541 άλαλητηῖ

196 2548 313 2619 ’Άσιον
336 2549 422 2642 άμφὶ
445 2555 592 2620 τάνακτα
614 2552 671 2619 καί
690 2550 836 2636 Ἰαμενὸν
856 2552 913 2619 καὶ
933 2551 1084 2644 Ὀρέστην

146 2685 185 2723 ιιο
198 2652 359 2744 Ἀσιάδην
379 2652 408 2719 τ’
432 2651 622 2738 Ἀδάμαντα
646 2653 763 2721 Θόωνά
783 2679 820 2719 τε
841 2654 1024 2740 Ροινόμαόν
1045 2683 1089 2724 τε.

199 2753 235 2822 οἳ
256 2752 288 2821 δ’
311 2750 331 2844 ή
353 2782 407 2823 τοι
431 2760 505 2835 είως
525 2757 586 2841 μὲν
607 2755 805 2844 ἐυκνήμιδας
826 2753 979 2840 Ἀχαιούς
1037 2772 1047 2792 “

199 2853 319 2945 ῶρνυον
340 2855 432 2925 ένδον
452 2858 559 2937 ἐόντες
581 2853 769 2941 α’μύνεσθαι
792 2857 869 2944 περί
891 2867 989 2947 νηιῦν·

200 2957 301 3046 αὐτὰρ
324 2960 400 3027 ε’πεί
424 2962 463 3048 δή
485 2965 590 3041 τεῖχος
611 2957 853 3041 ἐπεσσυμένους
874 2958 1011 3045 ἐνόησαν

205 3063 330 3144 Τρῶας,
354 3059 436 3148 α’τοίρ
459 3064 598 3130 Δαναῶν
619 3062 729 3126 τένετο
750 3056 849 3146 ειαχή
871 3083 907 3122 τε
928 3059 1035 3146 φόβος
1056 3085 1105 3143 τε,

146 3190 185 3229 ιιε
199 3163 235 3231 ἑκ
258 3164 294 3230 δὲ
316 3166 363 3231 τῶ
386 3162 517 3243 ἀίξαντε
539 3162 675 3227 πυλάων
695 3156 829 3246 πρόσθε
849 3157 1033 3248 μαχέσθην,

199 3264 409 3355 άτροτέροισι
432 3264 546 3330 σύεσσι
568 3260 752 3341 τεεοικότε,
774 3259 820 3325 τιό
842 3257 871 3326 τ’
895 3260 929 3327 ἐν
951 3257 1096 3350 όρεσσιν

199 3366 324 3458 ἀνδρῶν
345 3365 404 3456 ήδέ
426 3367 527 3432 κυνῶν
549 3364 684 3445 δέχαται
706 3363 902 3452 κολοσυρτόν
924 3361 1027 3448 ἰόντα,

200 3470 309 3557 δοχμιύ
330 3467 361 3536 τ’
385 3464 537 3536 άίσσοντε
560 3467 637 3553 περί
660 3464 758 3556 σφίσι
780 3465 936 3535 τάτνυτον
956 3467 1046 3560 ύλην,

200 3575 345 3662 πρυμνήν
367 3572 589 3656 ἐκτάμνοντες,
612 3567 697 3638 ὑπαί
720 3569 758 3637 δέ
776 3596 813 3636 τε
835 3570 965 3656 κόμπος
988 3569 1129 3642 ὀδόντων

146 3707 185 3746 ιεο
198 3673 358 3758 τίν’νεται,
381 3674 429 3755 είς
451 3673 470 3742 δ’
491 3674 529 3742 κέ
548 3672 600 3753 τίς
620 3700 656 3740 τε
677 3674 786 3760 βολῶν
807 3673 843 3740 ἐκ
865 3677 975 3758 θυμόν
998 3674 1121 3765 ἕληται.

199 3770 243 3857 ῶς
263 3781 328 3844 τῶν
348 3777 473 3861 κόμπει
494 3777 616 3858 χαλκός
637 3774 697 3844 έπί
719 3776 882 3864 στήθεσσι
904 3777 1041 3865 φαεινός

200 3877 296 3970 άντην
317 3879 537 3966 βαλλομένων·
559 3878 648 3962 μάλα
668 3879 730 3966 τὰρ
752 3879 913 3965 κρατερῶς
934 3877 1093 3963 ἐμάχοντο
1100 3930 1108 3961 ,

198 3983 327 4050 λαοῖσιν
347 3980 549 4068 καθύπερθε
570 3980 782 4059 πεποιθότες
803 3976 862 4068 ἠδέ
883 3978 1009 4069 βίηφιν.

200 4080 235 4150 οἳ
253 4083 284 4151 δ’
308 4081 371 4172 ὀίρα
392 4082 621 4172 χερμαδίοισιν
642 4082 810 4170 ἐυδμήτων
833 4077 903 4147 άπδ
926 4083 1057 4172 πύρνων

145 4211 184 4253 155
198 4186 332 4271 βάλλον,
356 4184 553 4270 ἀμυνόμενοι
576 4186 669 4273 σφῶν
688 4180 720 4248 τ’
743 4178 849 4248 αύτῶν
870 4186 928 4250 καί
949 4187 1111 4254 κλισιάων

197 4291 280 4378 νηῶν
300 4285 330 4354 τ’
354 4284 544 4383 ὠκυπόρων.
588 4283 726 4376 νιφάδες
749 4280 781 4350 δ’
805 4278 849 4364 ίδς
870 4292 996 4354 πῖπτον
1017 4286 1124 4380 ἔραζε,

173 4382 239 4472 ’δς
258 4386 290 4458 τ’
313 4387 428 4476 άνεμος
449 4387 541 4480 ζαής,
563 4388 664 4479 νέφεα
685 4384 839 4456 σκιόεντα
862 4389 1019 4479 δονήσας,
