2888 5032
601 314 766 359 PdeFbl'lO
1220 314 1237 354 V

134 488 196 551 μνη
211 466 247 529 ab
262 464 401 527 adiectivo
422 459 561 551 πρυμνδ.
592 459 638 541 ὥς
656 484 716 527 non
735 474 847 526 tantum
865 473 935 543 pust
954 452 1013 525 nal
1032 470 1063 524 et
1084 454 1161 525 οδδέ
1178 461 1236 525 cir·

134 598 281 669 cumdem,
301 598 353 659 sed
373 594 537 677 ubieunque
557 588 661 671 οάνως
680 606 807 658 sonaret.
843 581 888 669 ὦς
907 587 1013 670 atoue
1027 614 1043 656 a
1058 595 1236 657 Ruttmunnu

135 730 243 810 accepi.
271 726 411 813 μητιέτα
425 740 454 790 et
470 721 617 814 άκακῆτα
632 738 663 790 ut
679 747 860 808 reponerem.
875 727 940 788 dedi
956 727 1098 789 similibus
1114 727 1170 788 illis
1186 746 1237 789 νε·

136 856 337 947 φεληνερίτα
363 853 537 945 ἱππηλάτα
556 862 761 940 κυανοχαῖτα.
795 861 873 940 quod
894 853 1046 922 θωκδνδε
1064 854 1166 943 νοάδε
1186 851 1238 921 oi-

136 988 230 1057 κόνδε
251 993 338 1055 motui
358 1012 443 1073 equam
463 990 613 1056 θῶκόνδε
638 988 738 1078 νῆάδε
760 981 902 1065 οἶκόνδε,
929 982 1105 1075 ἤπειρόνδε
1128 987 1238 1053 dula-

135 1120 234 1204 μόνδε
262 1116 479 1204 Οὔλυμπόνδε
505 1145 592 1206 quum
620 1117 795 1210 ἤπειρόνδε
820 1119 1014 1204 θάλαμόνδε
1043 1112 1238 1203 Οὔλυμπόν-

137 1254 188 1327 δε,
211 1276 310 1318 casum
327 1258 352 1318 si
368 1260 433 1337 quis
448 1260 596 1337 agnouerit
610 1259 773 1329 locativum
788 1265 941 1319 accentum
957 1274 1016 1319 non
1032 1255 1158 1336 requiret
1173 1254 1239 1334 pius

137 1408 238 1451 unum.

222 1521 412 1583 inscribendi
429 1524 524 1584 modis
541 1542 607 1584 cum
624 1543 710 1604 saepe
721 1523 842 1602 perinde
853 1529 938 1594 esset,
953 1521 1062 1582 haecne
1074 1537 1111 1580 an
1126 1518 1171 1580 ilia
1182 1538 1238 1598 po-

138 1663 257 1716 neretur
269 1654 375 1725 littera,
390 1673 453 1715 erm
469 1657 527 1716 tere
542 1675 659 1735 quoque
672 1656 739 1717 loco
755 1655 841 1737 posui
857 1673 931 1734 quae
945 1673 961 1714 a
977 1651 1108 1714 finitimis
1124 1659 1153 1712 et
1168 1669 1238 1730 pro-

139 1787 258 1867 pinquis
277 1787 380 1847 tormis
400 1787 533 1866 proxime
552 1787 678 1847 obesset.
709 1788 750 1848 sic
770 1787 848 1867 quod
869 1778 961 1869 άφίει
986 1783 1165 1845 scribebatur
1183 1801 1239 1863 pru

139 1909 239 2003 άφίυ,
259 1911 365 1980 ἐτίθει
389 1937 443 1999 piru
463 1910 576 2001 ἐτίθη,
596 1911 709 1980 ἐδίδου
729 1939 783 1998 pro
802 1910 921 1983 ἐδῖδω.
949 1920 1056 1979 iactum
1077 1926 1121 1978 est
1140 1933 1239 1977 errore

139 2068 240 2111 eorum
257 2051 319 2129 qui.
338 2070 403 2110 cnm
421 2050 546 2129 priscam
563 2051 749 2111 litteraturam
766 2050 862 2111 ionica
879 2059 1035 2115 mutarent,
1057 2068 1118 2111 non
1135 2047 1238 2108 memi-

140 2192 251 2247 nerant.
267 2183 346 2260 quod
362 2194 426 2243 erat⁴
437 2202 518 2266 cepte
535 2185 628 2243 erede
644 2179 745 2251 εδιδο,
762 2202 850 2263 posse
862 2194 985 2262 utroque
1001 2182 1090 2242 modo
1106 2180 1170 2260 legi,
1186 2180 1238 2240 dc·

140 2313 209 2375 bere
227 2336 263 2372 eo
283 2315 331 2393 qui
354 2316 464 2376 tertiam
482 2334 497 2374 n
513 2315 621 2394 prima.
642 2315 816 2393 singularem
832 2336 847 2376 o
864 2317 980 2396 plurali,
1001 2314 1187 2376 indicativum
1204 2311 1239 2373 ab

139 2451 267 2530 optativo
283 2447 433 2529 participio
445 2448 586 2508 inlinitiro
599 2467 684 2527 qrrruu
698 2449 818 2509 minimc
830 2448 1016 2510 abstraheret.
1043 2448 1129 2508 iidem
1141 2465 1176 2508 ex
1188 2464 1241 2519 εος

140 2576 203 2657 ἕως
217 2584 354 2647 lecerunt.
369 2580 418 2640 ubi
431 2598 531 2640 versus
544 2565 612 2653 εἷος
624 2580 796 2659 postulabat,
810 2582 1009 2661 sexcentisque
1020 2581 1092 2641 locis
1102 2572 1162 2658 μέν
1172 2576 1240 2639 reli·

139 2724 273 2794 querunt
288 2715 336 2775 ubi
353 2712 510 2773 sentcntiae
523 2705 588 2794 μήν
602 2713 801 2774 conueniebat.

225 2847 379 2906 Postremo
395 2844 601 2905 vocabulorum
617 2845 791 2924 simplicium
807 2857 835 2906 et
847 2846 1081 2926 cornpositorum
1094 2845 1150 2903 boc
1161 2842 1240 2903 tcnui

141 2978 295 3039 discrimen
313 2987 344 3037 ut
365 2977 473 3053 integra
493 2977 622 3056 nihilque
637 2997 723 3056 passa
738 2995 797 3037 non
823 2978 904 3039 facile
919 2977 1135 3055 coniungerem.
1165 2992 1240 3054 quo-

141 3112 216 3171 circa
232 3128 286 3189 pru
303 3109 452 3171 consuetis
468 3100 647 3192 eiqpore'cor
662 3119 690 3168 et
706 3102 973 3192 καρι,κομόων·ιες
987 3102 1022 3169 δί·
1034 3101 1178 3191 φρονέων
1192 3124 1240 3167 re·

141 3243 226 3323 posui
238 3252 265 3303 et
277 3236 357 3324 κάρη
370 3235 562 3318 κομόωντες,
574 3240 745 3319 praesertim
758 3259 824 3301 cum
838 3232 1017 3323 ec'qpnricoe
1028 3239 1104 3300 idern
1116 3257 1182 3299 esse
1190 3237 1241 3299 dc·

142 3375 208 3434 beat
226 3373 304 3452 quod
322 3362 450 3455 εάφρων
470 3361 514 3432 c'o'r
533 3372 550 3432 i.
567 3393 591 3432 o.
609 3363 875 3455 εάφραυνόμενος.
896 3391 950 3432 nec
970 3373 1082 3433 diderat
1102 3389 1241 3454 καρηκο-

141 3499 233 3583 μόων
245 3524 261 3565 a
276 3498 480 3586 καρήξονθος
493 3515 543 3565 aut
557 3498 839 3590 napatqmpdor.
870 3504 1051 3583 exaequanda
1064 3512 1160 3566 autem
1176 3522 1241 3563 esse

142 3638 201 3699 risa
216 3647 284 3698 sunt
298 3633 381 3718 βαρί·
396 3631 557 3714 στενάχων
575 3647 603 3698 et
616 3633 723 3717 βαρέα
742 3631 918 3714 στενάχων,
938 3628 1012 3718 εάρά
1027 3629 1109 3717 ῥέων
1124 3643 1153 3696 ct
1168 3625 1241 3716 εάρύ

141 3765 217 3849 ῥέει,
234 3763 337 3848 δάκρυ·
351 3762 433 3846 χέων
447 3779 475 3829 et
490 3765 574 3830 κατὰ
590 3763 692 3849 δάκρυ
703 3762 830 3844 χέουσα,
846 3762 909 3830 e'rco'
925 3789 961 3830 rc
976 3778 1003 3829 et
1019 3763 1060 3830 σά
1070 3789 1117 3841 νε,
1133 3769 1241 3841 itidem,

141 3920 214 3981 quae
229 3901 325 3962 rarius
341 3911 503 3967 recurrunt.
520 3901 672 3980 perumlta.

225 4036 365 4113 Superest
378 4043 407 4094 ut
419 4035 639 4095 annotationem
651 4052 797 4095 excusem.
813 4033 994 4111 defugiebam
1007 4034 1157 4096 insolitum
1170 4035 1241 4096 mibi

138 4175 166 4226 et
182 4166 338 4227 molestum
350 4168 497 4247 praefandi
513 4166 788 4245 commentandique
800 4168 963 4245 negotium3
977 4187 1035 4246 quo
1051 4169 1242 4247 supersedere

138 4316 201 4359 nun
222 4316 394 4360 concessere
413 4300 573 4361 columnae.
609 4299 797 4380 poscentibus
818 4299 882 4359 elecli
909 4300 988 4379 quod
1015 4301 1158 4380 extemplo
1185 4319 1241 4380 po-

138 4430 195 4490 tui:
215 4432 379 4493 enumerari
395 4441 457 4493 tum
474 4432 555 4493 loros
576 4451 643 4493 meo
659 4432 799 4494 arbitratu
814 4432 1005 4499 constitutos.
1025 4445 1085 4493 tum
1102 4432 1240 4511 reliquam
