<?xml version="1.0" encoding="UTF-8"?>
<!DOCTYPE html PUBLIC "-//W3C//DTD XHTML 1.0 Transitional//EN"
    "http://www.w3.org/TR/xhtml1/DTD/xhtml1-transitional.dtd">
<html xmlns="http://www.w3.org/1999/xhtml" xml:lang="en" lang="en">
 <head>
  <title>
</title>
<meta http-equiv="Content-Type" content="text/html;charset=utf-8" />
  <meta name='ocr-system' content='tesseract 3.04.00' />
  <meta name='ocr-capabilities' content='ocr_page ocr_carea ocr_par ocr_line ocrx_word'/>
</head>
<body>
  <div class='ocr_page' id='page_1' title='image "./carminahomerica00homegoog_0207.png"; bbox 0 0 2872 5016; ppageno 0'>
   <div class='ocr_carea' id='block_1_1' title="bbox 190 294 886 365">
    <p class='ocr_par' dir='ltr' id='par_1_1' title="bbox 190 294 886 365">
     <span class='ocr_line' id='line_1_1' title="bbox 190 294 886 365; baseline -0.006 -19"><span class='ocrx_word' id='word_1_1' title='bbox 190 299 253 365; x_wconf 79' lang='lat'><strong><em>192</em></strong></span> <span class='ocrx_word' id='word_1_2' title='bbox 589 300 630 347; x_wconf 78' lang='grc' dir='ltr'><strong><em>ιε.</em></strong></span> <span class='ocrx_word' id='word_1_3' title='bbox 659 294 840 346; x_wconf 70' lang='grc' dir='ltr'><strong><em>ιΛιΑΔοε</em></strong></span> <span class='ocrx_word' id='word_1_4' title='bbox 858 294 886 342; x_wconf 82' lang='grc' dir='ltr'><strong><em>α</em></strong></span> 
     </span>
    </p>
   </div>
   <div class='ocr_carea' id='block_1_2' title="bbox 137 445 1159 3698">
    <p class='ocr_par' dir='ltr' id='par_1_2' title="bbox 190 445 1106 642">
     <span class='ocr_line' id='line_1_2' title="bbox 190 445 1106 538; baseline -0.003 -18"><span class='ocrx_word' id='word_1_5' title='bbox 190 453 390 534; x_wconf 88' lang='grc' dir='ltr'><strong><em>πείθεσθαι,</em></strong></span> <span class='ocrx_word' id='word_1_6' title='bbox 413 453 477 517; x_wconf 87' lang='grc' dir='ltr'><strong><em>τῶν</em></strong></span> <span class='ocrx_word' id='word_1_7' title='bbox 499 448 537 517; x_wconf 80' lang='grc' dir='ltr'><strong><em>ού</em></strong></span> <span class='ocrx_word' id='word_1_8' title='bbox 557 475 590 517; x_wconf 89' lang='grc' dir='ltr'><strong><em>τι</em></strong></span> <span class='ocrx_word' id='word_1_9' title='bbox 612 445 837 538; x_wconf 81' lang='grc' dir='ltr'><strong><em>μετατρέπομ’</em></strong></span> <span class='ocrx_word' id='word_1_10' title='bbox 859 446 929 517; x_wconf 76' lang='grc' dir='ltr'><strong><em>οὐδ’</em></strong></span> <span class='ocrx_word' id='word_1_11' title='bbox 954 446 1106 533; x_wconf 75' lang='grc' dir='ltr'><strong><em>ἀλετίζω,</em></strong></span> 
     </span>
     <span class='ocr_line' id='line_1_3' title="bbox 191 548 991 642; baseline -0.004 -19"><span class='ocrx_word' id='word_1_12' title='bbox 191 554 226 623; x_wconf 83' lang='grc' dir='ltr'><strong><em>εί</em></strong></span> <span class='ocrx_word' id='word_1_13' title='bbox 243 552 275 620; x_wconf 72' lang='grc' dir='ltr'><strong><em>τ’</em></strong></span> <span class='ocrx_word' id='word_1_14' title='bbox 297 554 356 621; x_wconf 77' lang='grc' dir='ltr'><strong><em>ἐπὶ</em></strong></span> <span class='ocrx_word' id='word_1_15' title='bbox 379 550 460 632; x_wconf 81' lang='grc' dir='ltr'><strong><em>δεξί’</em></strong></span> <span class='ocrx_word' id='word_1_16' title='bbox 482 549 560 620; x_wconf 76' lang='grc' dir='ltr'><strong><em>ἴωσι</em></strong></span> <span class='ocrx_word' id='word_1_17' title='bbox 584 555 669 642; x_wconf 87' lang='grc' dir='ltr'><strong><em>πρός</em></strong></span> <span class='ocrx_word' id='word_1_18' title='bbox 689 549 738 642; x_wconf 88' lang='grc' dir='ltr'><strong><em>ήῶ</em></strong></span> <span class='ocrx_word' id='word_1_19' title='bbox 759 548 791 618; x_wconf 79' lang='grc' dir='ltr'><strong><em>τ’</em></strong></span> <span class='ocrx_word' id='word_1_20' title='bbox 812 548 923 640; x_wconf 86' lang='grc' dir='ltr'><strong><em>ήέλιόν</em></strong></span> <span class='ocrx_word' id='word_1_21' title='bbox 944 578 991 635; x_wconf 89' lang='grc' dir='ltr'><strong><em>τε,</em></strong></span> 
     </span>
    </p>

    <p class='ocr_par' dir='ltr' id='par_1_3' title="bbox 137 651 1068 1049">
     <span class='ocr_line' id='line_1_4' title="bbox 137 651 1068 744; baseline -0.003 -20"><span class='ocrx_word' id='word_1_22' title='bbox 137 686 176 724; x_wconf 79' lang='grc' dir='ltr'><strong><em>εω</em></strong></span> <span class='ocrx_word' id='word_1_23' title='bbox 191 654 225 724; x_wconf 79' lang='grc' dir='ltr'><strong><em>εἴ</em></strong></span> <span class='ocrx_word' id='word_1_24' title='bbox 242 653 272 721; x_wconf 75' lang='grc' dir='ltr'><strong><em>τ’</em></strong></span> <span class='ocrx_word' id='word_1_25' title='bbox 294 651 350 722; x_wconf 79' lang='grc' dir='ltr'><strong><em>ἐπ’</em></strong></span> <span class='ocrx_word' id='word_1_26' title='bbox 372 651 527 742; x_wconf 88' lang='grc' dir='ltr'><strong><em>ἀριστερά</em></strong></span> <span class='ocrx_word' id='word_1_27' title='bbox 548 652 602 722; x_wconf 92' lang='grc' dir='ltr'><strong><em>τοί</em></strong></span> <span class='ocrx_word' id='word_1_28' title='bbox 621 680 659 722; x_wconf 80' lang='grc' dir='ltr'><strong><em>τε</em></strong></span> <span class='ocrx_word' id='word_1_29' title='bbox 680 653 761 721; x_wconf 83' lang='grc' dir='ltr'><strong><em>ποτὶ</em></strong></span> <span class='ocrx_word' id='word_1_30' title='bbox 785 652 886 743; x_wconf 84' lang='grc' dir='ltr'><strong><em>ζόφον</em></strong></span> <span class='ocrx_word' id='word_1_31' title='bbox 906 651 1068 744; x_wconf 85' lang='grc' dir='ltr'><strong><em>ήερόεντα.</em></strong></span> 
     </span>
     <span class='ocr_line' id='line_1_5' title="bbox 188 753 993 848; baseline -0.005 -23"><span class='ocrx_word' id='word_1_32' title='bbox 188 756 283 848; x_wconf 80' lang='grc' dir='ltr'><strong><em>ήμεῖς</em></strong></span> <span class='ocrx_word' id='word_1_33' title='bbox 305 756 342 823; x_wconf 81' lang='grc' dir='ltr'><strong><em>δέ</em></strong></span> <span class='ocrx_word' id='word_1_34' title='bbox 363 755 522 841; x_wconf 79' lang='grc' dir='ltr'><strong><em>μετόλοιο</em></strong></span> <span class='ocrx_word' id='word_1_35' title='bbox 544 756 631 835; x_wconf 88' lang='grc' dir='ltr'><strong><em>Διός</em></strong></span> <span class='ocrx_word' id='word_1_36' title='bbox 652 753 860 838; x_wconf 70' lang='grc' dir='ltr'><strong><em>πειθώμεθα</em></strong></span> <span class='ocrx_word' id='word_1_37' title='bbox 882 757 993 844; x_wconf 79' lang='grc' dir='ltr'><strong><em>βουλῇ,</em></strong></span> 
     </span>
     <span class='ocr_line' id='line_1_6' title="bbox 190 853 1030 947; baseline -0.001 -22"><span class='ocrx_word' id='word_1_38' title='bbox 190 855 228 939; x_wconf 78' lang='grc' dir='ltr'><strong><em>ὃς</em></strong></span> <span class='ocrx_word' id='word_1_39' title='bbox 250 861 353 924; x_wconf 85' lang='grc' dir='ltr'><strong><em>πᾶσιν</em></strong></span> <span class='ocrx_word' id='word_1_40' title='bbox 374 862 530 947; x_wconf 80' lang='grc' dir='ltr'><strong><em>θνητοῖσι</em></strong></span> <span class='ocrx_word' id='word_1_41' title='bbox 555 856 613 922; x_wconf 86' lang='grc' dir='ltr'><strong><em>καὶ</em></strong></span> <span class='ocrx_word' id='word_1_42' title='bbox 635 853 840 923; x_wconf 79' lang='grc' dir='ltr'><strong><em>ἀθανάτοισι</em></strong></span> <span class='ocrx_word' id='word_1_43' title='bbox 862 856 1030 924; x_wconf 75' lang='grc' dir='ltr'><strong><em>τανάσσει.</em></strong></span> 
     </span>
     <span class='ocr_line' id='line_1_7' title="bbox 189 952 1035 1049; baseline -0.005 -21"><span class='ocrx_word' id='word_1_44' title='bbox 189 954 237 1042; x_wconf 85' lang='grc' dir='ltr'><strong><em>εἷς</em></strong></span> <span class='ocrx_word' id='word_1_45' title='bbox 260 958 374 1038; x_wconf 84' lang='grc' dir='ltr'><strong><em>οἰωνὸς</em></strong></span> <span class='ocrx_word' id='word_1_46' title='bbox 396 956 539 1048; x_wconf 86' lang='grc' dir='ltr'><strong><em>ἀριστος,</em></strong></span> <span class='ocrx_word' id='word_1_47' title='bbox 563 952 751 1042; x_wconf 86' lang='grc' dir='ltr'><strong><em>ἀμύνεσθαι</em></strong></span> <span class='ocrx_word' id='word_1_48' title='bbox 773 959 851 1047; x_wconf 86' lang='grc' dir='ltr'><strong><em>περὶ</em></strong></span> <span class='ocrx_word' id='word_1_49' title='bbox 874 957 1035 1049; x_wconf 77' lang='grc' dir='ltr'><strong><em>πάτρης.”</em></strong></span> 
     </span>
    </p>

    <p class='ocr_par' dir='ltr' id='par_1_4' title="bbox 138 1054 1070 1354">
     <span class='ocr_line' id='line_1_8' title="bbox 138 1054 1070 1151; baseline 0 -22"><span class='ocrx_word' id='word_1_50' title='bbox 138 1096 175 1136; x_wconf 73' lang='lat'><strong><em>251</em></strong></span> <span class='ocrx_word' id='word_1_51' title='bbox 234 1054 278 1142; x_wconf 83' lang='grc' dir='ltr'><strong><em>ῶς</em></strong></span> <span class='ocrx_word' id='word_1_52' title='bbox 299 1059 362 1150; x_wconf 85' lang='grc' dir='ltr'><strong><em>ἀρα</em></strong></span> <span class='ocrx_word' id='word_1_53' title='bbox 384 1061 538 1151; x_wconf 75' lang='grc' dir='ltr'><strong><em>φωνήσας</em></strong></span> <span class='ocrx_word' id='word_1_54' title='bbox 558 1058 714 1151; x_wconf 79' lang='grc' dir='ltr'><strong><em>ήτήσατο,</em></strong></span> <span class='ocrx_word' id='word_1_55' title='bbox 736 1058 790 1126; x_wconf 84' lang='grc' dir='ltr'><strong><em>τοί</em></strong></span> <span class='ocrx_word' id='word_1_56' title='bbox 812 1057 844 1126; x_wconf 81' lang='grc' dir='ltr'><strong><em>δ’</em></strong></span> <span class='ocrx_word' id='word_1_57' title='bbox 867 1056 924 1145; x_wconf 79' lang='grc' dir='ltr'><strong><em>ἀμ’</em></strong></span> <span class='ocrx_word' id='word_1_58' title='bbox 949 1059 1070 1128; x_wconf 75' lang='grc' dir='ltr'><strong><em>ἕποντο</em></strong></span> 
     </span>
     <span class='ocr_line' id='line_1_9' title="bbox 189 1161 1013 1254; baseline -0.002 -23"><span class='ocrx_word' id='word_1_59' title='bbox 189 1167 274 1254; x_wconf 72' lang='grc' dir='ltr'><strong><em>εηχῇ</em></strong></span> <span class='ocrx_word' id='word_1_60' title='bbox 292 1161 468 1252; x_wconf 75' lang='grc' dir='ltr'><strong><em>θεσπεσίῃ.</em></strong></span> <span class='ocrx_word' id='word_1_61' title='bbox 512 1162 572 1229; x_wconf 81' lang='grc' dir='ltr'><strong><em>ἐπὶ</em></strong></span> <span class='ocrx_word' id='word_1_62' title='bbox 595 1162 632 1228; x_wconf 86' lang='grc' dir='ltr'><strong><em>δέ</em></strong></span> <span class='ocrx_word' id='word_1_63' title='bbox 653 1163 736 1240; x_wconf 80' lang='grc' dir='ltr'><strong><em>Ζεύς</em></strong></span> <span class='ocrx_word' id='word_1_64' title='bbox 759 1161 1013 1250; x_wconf 82' lang='grc' dir='ltr'><strong><em>τερπικέραυνος</em></strong></span> 
     </span>
     <span class='ocr_line' id='line_1_10' title="bbox 190 1259 974 1354; baseline -0.004 -22"><span class='ocrx_word' id='word_1_65' title='bbox 190 1260 292 1354; x_wconf 78' lang='grc' dir='ltr'><strong><em>ὦρσεν</em></strong></span> <span class='ocrx_word' id='word_1_66' title='bbox 314 1261 375 1331; x_wconf 78' lang='grc' dir='ltr'><strong><em>ἀπ’</em></strong></span> <span class='ocrx_word' id='word_1_67' title='bbox 395 1259 524 1329; x_wconf 79' lang='grc' dir='ltr'><strong><em>Ἰδαίων</em></strong></span> <span class='ocrx_word' id='word_1_68' title='bbox 546 1260 647 1350; x_wconf 88' lang='grc' dir='ltr'><strong><em>ἀρέων</em></strong></span> <span class='ocrx_word' id='word_1_69' title='bbox 669 1259 803 1346; x_wconf 89' lang='grc' dir='ltr'><strong><em>ἀνέμοιο</em></strong></span> <span class='ocrx_word' id='word_1_70' title='bbox 824 1260 974 1344; x_wconf 90' lang='grc' dir='ltr'><strong><em>θύελλαν,</em></strong></span> 
     </span>
    </p>

    <p class='ocr_par' dir='ltr' id='par_1_5' title="bbox 192 1360 1026 1456">
     <span class='ocr_line' id='line_1_11' title="bbox 192 1360 1026 1456; baseline -0.005 -23"><span class='ocrx_word' id='word_1_71' title='bbox 192 1365 213 1456; x_wconf 82' lang='grc' dir='ltr'><strong><em>ή</em></strong></span> <span class='ocrx_word' id='word_1_72' title='bbox 235 1364 265 1455; x_wconf 66' lang='grc' dir='ltr'><strong><em>ρ)</em></strong></span> <span class='ocrx_word' id='word_1_73' title='bbox 289 1364 367 1445; x_wconf 79' lang='grc' dir='ltr'><strong><em>ίθύς</em></strong></span> <span class='ocrx_word' id='word_1_74' title='bbox 388 1366 470 1454; x_wconf 92' lang='grc' dir='ltr'><strong><em>νηῶν</em></strong></span> <span class='ocrx_word' id='word_1_75' title='bbox 491 1363 603 1452; x_wconf 91' lang='grc' dir='ltr'><strong><em>κονίην</em></strong></span> <span class='ocrx_word' id='word_1_76' title='bbox 624 1362 734 1453; x_wconf 82' lang='grc' dir='ltr'><strong><em>φέρεν·</em></strong></span> <span class='ocrx_word' id='word_1_77' title='bbox 758 1360 860 1452; x_wconf 85' lang='grc' dir='ltr'><strong><em>αύτάρ</em></strong></span> <span class='ocrx_word' id='word_1_78' title='bbox 881 1360 1026 1449; x_wconf 80' lang='grc' dir='ltr'><strong><em>Ἀχαιῶν</em></strong></span> 
     </span>
    </p>

    <p class='ocr_par' dir='ltr' id='par_1_6' title="bbox 138 1461 1118 1962">
     <span class='ocr_line' id='line_1_12' title="bbox 138 1461 1110 1553; baseline -0.008 -13"><span class='ocrx_word' id='word_1_79' title='bbox 138 1501 177 1540; x_wconf 80' lang='lat'><strong><em>255</em></strong></span> <span class='ocrx_word' id='word_1_80' title='bbox 190 1467 292 1537; x_wconf 79' lang='grc' dir='ltr'><strong><em>θέλτε</em></strong></span> <span class='ocrx_word' id='word_1_81' title='bbox 314 1467 395 1546; x_wconf 90' lang='grc' dir='ltr'><strong><em>νόον,</em></strong></span> <span class='ocrx_word' id='word_1_82' title='bbox 423 1467 551 1551; x_wconf 84' lang='grc' dir='ltr'><strong><em>Τρωσίν</em></strong></span> <span class='ocrx_word' id='word_1_83' title='bbox 572 1465 609 1531; x_wconf 82' lang='grc' dir='ltr'><strong><em>δέ</em></strong></span> <span class='ocrx_word' id='word_1_84' title='bbox 629 1463 685 1530; x_wconf 87' lang='grc' dir='ltr'><strong><em>καὶ</em></strong></span> <span class='ocrx_word' id='word_1_85' title='bbox 699 1463 833 1553; x_wconf 85' lang='grc' dir='ltr'><strong><em>Ἕκτορι</em></strong></span> <span class='ocrx_word' id='word_1_86' title='bbox 859 1466 958 1545; x_wconf 78' lang='grc' dir='ltr'><strong><em>κῦδος</em></strong></span> <span class='ocrx_word' id='word_1_87' title='bbox 980 1461 1071 1548; x_wconf 83' lang='grc' dir='ltr'><strong><em>όπαζ</em></strong></span> <span class='ocrx_word' id='word_1_88' title='bbox 1102 1517 1110 1532; x_wconf 97' lang='grc'><strong><em>.</em></strong></span> 
     </span>
     <span class='ocr_line' id='line_1_13' title="bbox 191 1565 1023 1659; baseline -0.001 -23"><span class='ocrx_word' id='word_1_89' title='bbox 191 1570 249 1636; x_wconf 78' lang='grc' dir='ltr'><strong><em>τοῦ</em></strong></span> <span class='ocrx_word' id='word_1_90' title='bbox 272 1593 333 1656; x_wconf 88' lang='grc' dir='ltr'><strong><em>περ</em></strong></span> <span class='ocrx_word' id='word_1_91' title='bbox 357 1569 396 1655; x_wconf 84' lang='grc' dir='ltr'><strong><em>δή</em></strong></span> <span class='ocrx_word' id='word_1_92' title='bbox 418 1565 571 1654; x_wconf 85' lang='grc' dir='ltr'><strong><em>τεράεσσι</em></strong></span> <span class='ocrx_word' id='word_1_93' title='bbox 594 1567 802 1646; x_wconf 84' lang='grc' dir='ltr'><strong><em>πεποιθότες</em></strong></span> <span class='ocrx_word' id='word_1_94' title='bbox 822 1565 883 1656; x_wconf 84' lang='grc' dir='ltr'><strong><em>ήδέ</em></strong></span> <span class='ocrx_word' id='word_1_95' title='bbox 905 1566 1023 1659; x_wconf 76' lang='grc' dir='ltr'><strong><em>βίηφιν</em></strong></span> 
     </span>
     <span class='ocr_line' id='line_1_14' title="bbox 192 1666 996 1759; baseline 0.001 -23"><span class='ocrx_word' id='word_1_96' title='bbox 192 1671 377 1759; x_wconf 84' lang='grc' dir='ltr'><strong><em>ῥήινυσθαι</em></strong></span> <span class='ocrx_word' id='word_1_97' title='bbox 397 1667 482 1751; x_wconf 78' lang='grc' dir='ltr'><strong><em>μέτα</em></strong></span> <span class='ocrx_word' id='word_1_98' title='bbox 503 1673 609 1750; x_wconf 88' lang='grc' dir='ltr'><strong><em>τεῖχος</em></strong></span> <span class='ocrx_word' id='word_1_99' title='bbox 629 1666 771 1753; x_wconf 77' lang='grc' dir='ltr'><strong><em>Ἀχαιῶν</em></strong></span> <span class='ocrx_word' id='word_1_100' title='bbox 796 1668 996 1759; x_wconf 84' lang='grc' dir='ltr'><strong><em>πειρήτιζον.</em></strong></span> 
     </span>
     <span class='ocr_line' id='line_1_15' title="bbox 192 1767 1118 1860; baseline 0.003 -21"><span class='ocrx_word' id='word_1_101' title='bbox 192 1772 335 1860; x_wconf 88' lang='grc' dir='ltr'><strong><em>κρόσσας</em></strong></span> <span class='ocrx_word' id='word_1_102' title='bbox 355 1769 414 1854; x_wconf 81' lang='grc' dir='ltr'><strong><em>μὲν</em></strong></span> <span class='ocrx_word' id='word_1_103' title='bbox 436 1769 567 1856; x_wconf 70' lang='grc' dir='ltr'><strong><em>πύρνων</em></strong></span> <span class='ocrx_word' id='word_1_104' title='bbox 587 1770 709 1860; x_wconf 73' lang='grc' dir='ltr'><strong><em>εέροον,</em></strong></span> <span class='ocrx_word' id='word_1_105' title='bbox 731 1770 788 1837; x_wconf 81' lang='grc' dir='ltr'><strong><em>καὶ</em></strong></span> <span class='ocrx_word' id='word_1_106' title='bbox 811 1767 945 1860; x_wconf 76' lang='grc' dir='ltr'><strong><em>ἔρειπον</em></strong></span> <span class='ocrx_word' id='word_1_107' title='bbox 966 1772 1118 1856; x_wconf 80' lang='grc' dir='ltr'><strong><em>ἐπάλξις,</em></strong></span> 
     </span>
     <span class='ocr_line' id='line_1_16' title="bbox 192 1868 1057 1962; baseline 0.002 -21"><span class='ocrx_word' id='word_1_108' title='bbox 192 1873 313 1962; x_wconf 84' lang='grc' dir='ltr'><strong><em>στήλας</em></strong></span> <span class='ocrx_word' id='word_1_109' title='bbox 332 1897 368 1938; x_wconf 92' lang='grc' dir='ltr'><strong><em>τε</em></strong></span> <span class='ocrx_word' id='word_1_110' title='bbox 390 1873 577 1960; x_wconf 77' lang='grc' dir='ltr'><strong><em>προβλῆτας</em></strong></span> <span class='ocrx_word' id='word_1_111' title='bbox 598 1871 762 1957; x_wconf 79' lang='grc' dir='ltr'><strong><em>ἐμόχλεον,</em></strong></span> <span class='ocrx_word' id='word_1_112' title='bbox 786 1868 826 1952; x_wconf 77' lang='grc' dir='ltr'><strong><em>ἀς</em></strong></span> <span class='ocrx_word' id='word_1_113' title='bbox 848 1868 901 1958; x_wconf 83' lang='grc' dir='ltr'><strong><em>ἀρ’</em></strong></span> <span class='ocrx_word' id='word_1_114' title='bbox 925 1869 1057 1958; x_wconf 81' lang='grc' dir='ltr'><strong><em>Ἀχαιοί</em></strong></span> 
     </span>
    </p>

    <p class='ocr_par' dir='ltr' id='par_1_7' title="bbox 140 1972 1075 2471">
     <span class='ocr_line' id='line_1_17' title="bbox 140 1972 1075 2065; baseline 0.002 -22"><span class='ocrx_word' id='word_1_115' title='bbox 140 2005 179 2044; x_wconf 83' lang='grc' dir='ltr'><strong><em>εοο</em></strong></span> <span class='ocrx_word' id='word_1_116' title='bbox 194 1975 327 2065; x_wconf 82' lang='grc' dir='ltr'><strong><em>πρώτας</em></strong></span> <span class='ocrx_word' id='word_1_117' title='bbox 348 1974 381 2041; x_wconf 81' lang='grc' dir='ltr'><strong><em>έν</em></strong></span> <span class='ocrx_word' id='word_1_118' title='bbox 401 1973 479 2064; x_wconf 80' lang='grc' dir='ltr'><strong><em>ταίη</em></strong></span> <span class='ocrx_word' id='word_1_119' title='bbox 502 1974 607 2042; x_wconf 80' lang='grc' dir='ltr'><strong><em>θέσαν</em></strong></span> <span class='ocrx_word' id='word_1_120' title='bbox 628 1974 766 2060; x_wconf 77' lang='grc' dir='ltr'><strong><em>ἔμμεναι</em></strong></span> <span class='ocrx_word' id='word_1_121' title='bbox 788 1972 914 2058; x_wconf 77' lang='grc' dir='ltr'><strong><em>ἔχματα</em></strong></span> <span class='ocrx_word' id='word_1_122' title='bbox 936 1977 1075 2065; x_wconf 80' lang='grc' dir='ltr'><strong><em>πύρτων.</em></strong></span> 
     </span>
     <span class='ocr_line' id='line_1_18' title="bbox 192 2072 1067 2164; baseline 0.002 -20"><span class='ocrx_word' id='word_1_123' title='bbox 192 2079 251 2156; x_wconf 89' lang='grc' dir='ltr'><strong><em>τάς</em></strong></span> <span class='ocrx_word' id='word_1_124' title='bbox 274 2073 360 2144; x_wconf 80' lang='grc' dir='ltr'><strong><em>οἵτ’</em></strong></span> <span class='ocrx_word' id='word_1_125' title='bbox 384 2072 531 2164; x_wconf 69' lang='grc' dir='ltr'><strong><em>ἀεέρυον,</em></strong></span> <span class='ocrx_word' id='word_1_126' title='bbox 553 2076 713 2145; x_wconf 69' lang='grc' dir='ltr'><strong><em>εέλποντο</em></strong></span> <span class='ocrx_word' id='word_1_127' title='bbox 736 2076 774 2143; x_wconf 80' lang='grc' dir='ltr'><strong><em>δέ</em></strong></span> <span class='ocrx_word' id='word_1_128' title='bbox 794 2081 902 2158; x_wconf 87' lang='grc' dir='ltr'><strong><em>τεῖχος</em></strong></span> <span class='ocrx_word' id='word_1_129' title='bbox 931 2073 1067 2160; x_wconf 63' lang='grc' dir='ltr'><strong><em>Ἀχαιῶν</em></strong></span> 
     </span>
     <span class='ocr_line' id='line_1_19' title="bbox 192 2171 1075 2268; baseline 0.005 -23"><span class='ocrx_word' id='word_1_130' title='bbox 192 2180 309 2268; x_wconf 80' lang='grc' dir='ltr'><strong><em>ῥήξειν.</em></strong></span> <span class='ocrx_word' id='word_1_131' title='bbox 354 2176 433 2245; x_wconf 87' lang='grc' dir='ltr'><strong><em>ούδέ</em></strong></span> <span class='ocrx_word' id='word_1_132' title='bbox 454 2178 490 2244; x_wconf 89' lang='grc' dir='ltr'><strong><em>νύ</em></strong></span> <span class='ocrx_word' id='word_1_133' title='bbox 513 2205 568 2245; x_wconf 91' lang='grc' dir='ltr'><strong><em>πω</em></strong></span> <span class='ocrx_word' id='word_1_134' title='bbox 591 2179 720 2247; x_wconf 84' lang='grc' dir='ltr'><strong><em>Δαναοὶ</em></strong></span> <span class='ocrx_word' id='word_1_135' title='bbox 741 2177 878 2263; x_wconf 88' lang='grc' dir='ltr'><strong><em>χάζοντο</em></strong></span> <span class='ocrx_word' id='word_1_136' title='bbox 900 2171 1075 2263; x_wconf 87' lang='grc' dir='ltr'><strong><em>κελεύθου,</em></strong></span> 
     </span>
     <span class='ocr_line' id='line_1_20' title="bbox 193 2278 995 2370; baseline 0 -22"><span class='ocrx_word' id='word_1_137' title='bbox 193 2278 263 2348; x_wconf 78' lang='grc' dir='ltr'><strong><em>ἀλλ’</em></strong></span> <span class='ocrx_word' id='word_1_138' title='bbox 288 2283 380 2348; x_wconf 80' lang='grc' dir='ltr'><strong><em>οἵτε</em></strong></span> <span class='ocrx_word' id='word_1_139' title='bbox 401 2285 521 2368; x_wconf 85' lang='grc' dir='ltr'><strong><em>ῥινοῖσι</em></strong></span> <span class='ocrx_word' id='word_1_140' title='bbox 545 2284 632 2366; x_wconf 76' lang='grc' dir='ltr'><strong><em>βοῶν</em></strong></span> <span class='ocrx_word' id='word_1_141' title='bbox 654 2280 835 2370; x_wconf 85' lang='grc' dir='ltr'><strong><em>φράξαντες</em></strong></span> <span class='ocrx_word' id='word_1_142' title='bbox 856 2279 995 2363; x_wconf 73' lang='grc' dir='ltr'><strong><em>ἐπάλξις</em></strong></span> 
     </span>
     <span class='ocr_line' id='line_1_21' title="bbox 193 2378 1039 2471; baseline 0.005 -24"><span class='ocrx_word' id='word_1_143' title='bbox 193 2382 312 2470; x_wconf 75' lang='grc' dir='ltr'><strong><em>βάλλον</em></strong></span> <span class='ocrx_word' id='word_1_144' title='bbox 333 2378 394 2446; x_wconf 80' lang='grc' dir='ltr'><strong><em>ἀπ’</em></strong></span> <span class='ocrx_word' id='word_1_145' title='bbox 418 2378 548 2447; x_wconf 78' lang='grc' dir='ltr'><strong><em>αὐτάων</em></strong></span> <span class='ocrx_word' id='word_1_146' title='bbox 569 2381 682 2471; x_wconf 89' lang='grc' dir='ltr'><strong><em>δηίους</em></strong></span> <span class='ocrx_word' id='word_1_147' title='bbox 703 2379 771 2448; x_wconf 80' lang='grc' dir='ltr'><strong><em>ὑπὸ</em></strong></span> <span class='ocrx_word' id='word_1_148' title='bbox 792 2387 899 2465; x_wconf 87' lang='grc' dir='ltr'><strong><em>τεῖχος</em></strong></span> <span class='ocrx_word' id='word_1_149' title='bbox 921 2382 1039 2464; x_wconf 81' lang='grc' dir='ltr'><strong><em>ἰόντας.</em></strong></span> 
     </span>
    </p>

    <p class='ocr_par' dir='ltr' id='par_1_8' title="bbox 140 2478 1101 2984">
     <span class='ocr_line' id='line_1_22' title="bbox 140 2478 1101 2575; baseline -0.004 -19"><span class='ocrx_word' id='word_1_150' title='bbox 140 2516 179 2556; x_wconf 80' lang='grc' dir='ltr'><strong><em>κω</em></strong></span> <span class='ocrx_word' id='word_1_151' title='bbox 237 2481 412 2573; x_wconf 81' lang='grc' dir='ltr'><strong><em>ἀμφοτέρω</em></strong></span> <span class='ocrx_word' id='word_1_152' title='bbox 436 2478 468 2546; x_wconf 82' lang='grc' dir='ltr'><strong><em>δ’</em></strong></span> <span class='ocrx_word' id='word_1_153' title='bbox 490 2481 621 2550; x_wconf 84' lang='grc' dir='ltr'><strong><em>Λίάντε</em></strong></span> <span class='ocrx_word' id='word_1_154' title='bbox 642 2482 865 2551; x_wconf 83' lang='grc' dir='ltr'><strong><em>κελευτιόωντ’</em></strong></span> <span class='ocrx_word' id='word_1_155' title='bbox 888 2486 947 2553; x_wconf 78' lang='grc' dir='ltr'><strong><em>ἐπὶ</em></strong></span> <span class='ocrx_word' id='word_1_156' title='bbox 969 2487 1101 2575; x_wconf 73' lang='grc' dir='ltr'><strong><em>πύρνων</em></strong></span> 
     </span>
     <span class='ocr_line' id='line_1_23' title="bbox 194 2582 1034 2675; baseline 0.005 -23"><span class='ocrx_word' id='word_1_157' title='bbox 194 2585 341 2652; x_wconf 89' lang='grc' dir='ltr'><strong><em>πάντοσε</em></strong></span> <span class='ocrx_word' id='word_1_158' title='bbox 362 2583 535 2674; x_wconf 92' lang='grc' dir='ltr'><strong><em>φοιτήτην,</em></strong></span> <span class='ocrx_word' id='word_1_159' title='bbox 557 2585 655 2669; x_wconf 89' lang='grc' dir='ltr'><strong><em>μένος</em></strong></span> <span class='ocrx_word' id='word_1_160' title='bbox 677 2582 859 2675; x_wconf 82' lang='grc' dir='ltr'><strong><em>ὀτρύνοντες</em></strong></span> <span class='ocrx_word' id='word_1_161' title='bbox 881 2585 1034 2671; x_wconf 79' lang='grc' dir='ltr'><strong><em>Ἀχαιῶν.</em></strong></span> 
     </span>
     <span class='ocr_line' id='line_1_24' title="bbox 194 2682 972 2774; baseline 0.004 -21"><span class='ocrx_word' id='word_1_162' title='bbox 194 2685 292 2754; x_wconf 81' lang='grc' dir='ltr'><strong><em>ἀλλον</em></strong></span> <span class='ocrx_word' id='word_1_163' title='bbox 312 2682 491 2771; x_wconf 88' lang='grc' dir='ltr'><strong><em>μειλιχίοις</em></strong></span> <span class='ocrx_word' id='word_1_164' title='bbox 512 2683 609 2754; x_wconf 84' lang='grc' dir='ltr'><strong><em>ἀλλον</em></strong></span> <span class='ocrx_word' id='word_1_165' title='bbox 630 2695 790 2774; x_wconf 88' lang='grc' dir='ltr'><strong><em>στερεοῖσι</em></strong></span> <span class='ocrx_word' id='word_1_166' title='bbox 813 2693 972 2758; x_wconf 69' lang='grc' dir='ltr'><strong><em>εὲπεσσιν</em></strong></span> 
     </span>
     <span class='ocr_line' id='line_1_25' title="bbox 193 2785 1076 2881; baseline 0 -23"><span class='ocrx_word' id='word_1_167' title='bbox 193 2789 324 2869; x_wconf 88' lang='grc' dir='ltr'><strong><em>νείκεον,</em></strong></span> <span class='ocrx_word' id='word_1_168' title='bbox 349 2785 482 2856; x_wconf 82' lang='grc' dir='ltr'><strong><em>ὅντινα</em></strong></span> <span class='ocrx_word' id='word_1_169' title='bbox 503 2789 613 2874; x_wconf 82' lang='grc' dir='ltr'><strong><em>πάι-χο</em></strong></span> <span class='ocrx_word' id='word_1_170' title='bbox 635 2790 741 2881; x_wconf 91' lang='grc' dir='ltr'><strong><em>μάχης</em></strong></span> <span class='ocrx_word' id='word_1_171' title='bbox 761 2792 922 2877; x_wconf 82' lang='grc' dir='ltr'><strong><em>μεθιέντα</em></strong></span> <span class='ocrx_word' id='word_1_172' title='bbox 943 2791 1076 2860; x_wconf 72' lang='grc' dir='ltr'><strong><em>είδοιεν.</em></strong></span> 
     </span>
     <span class='ocr_line' id='line_1_26' title="bbox 189 2886 1064 2984; baseline 0 -24"><span class='ocrx_word' id='word_1_173' title='bbox 189 2886 243 2960; x_wconf 55' lang='grc' dir='ltr'><strong><em>((ιδ</em></strong></span> <span class='ocrx_word' id='word_1_174' title='bbox 265 2890 371 2984; x_wconf 89' lang='grc' dir='ltr'><strong><em>φίλοι,</em></strong></span> <span class='ocrx_word' id='word_1_175' title='bbox 395 2888 551 2981; x_wconf 82' lang='grc' dir='ltr'><strong><em>Ἀρι-είων</em></strong></span> <span class='ocrx_word' id='word_1_176' title='bbox 573 2892 609 2971; x_wconf 85' lang='grc' dir='ltr'><strong><em>ός</em></strong></span> <span class='ocrx_word' id='word_1_177' title='bbox 629 2890 660 2958; x_wconf 77' lang='grc' dir='ltr'><strong><em>τ’</em></strong></span> <span class='ocrx_word' id='word_1_178' title='bbox 684 2890 795 2976; x_wconf 75' lang='grc' dir='ltr'><strong><em>ἔξοχος</em></strong></span> <span class='ocrx_word' id='word_1_179' title='bbox 818 2894 853 2975; x_wconf 86' lang='grc' dir='ltr'><strong><em>ὅς</em></strong></span> <span class='ocrx_word' id='word_1_180' title='bbox 874 2921 910 2961; x_wconf 89' lang='grc' dir='ltr'><strong><em>τε</em></strong></span> <span class='ocrx_word' id='word_1_181' title='bbox 931 2893 1064 2983; x_wconf 87' lang='grc' dir='ltr'><strong><em>μεσήεις</em></strong></span> 
     </span>
    </p>

    <p class='ocr_par' dir='ltr' id='par_1_9' title="bbox 142 2991 1159 3496">
     <span class='ocr_line' id='line_1_27' title="bbox 142 2991 1037 3084; baseline 0.006 -26"><span class='ocrx_word' id='word_1_182' title='bbox 142 3020 182 3059; x_wconf 79' lang='grc' dir='ltr'><strong><em>ετο</em></strong></span> <span class='ocrx_word' id='word_1_183' title='bbox 198 2995 233 3076; x_wconf 84' lang='grc' dir='ltr'><strong><em>ὅς</em></strong></span> <span class='ocrx_word' id='word_1_184' title='bbox 254 3020 290 3062; x_wconf 90' lang='grc' dir='ltr'><strong><em>τε</em></strong></span> <span class='ocrx_word' id='word_1_185' title='bbox 310 2994 521 3084; x_wconf 89' lang='grc' dir='ltr'><strong><em>χερειότερος,</em></strong></span> <span class='ocrx_word' id='word_1_186' title='bbox 543 2994 619 3064; x_wconf 81' lang='grc' dir='ltr'><strong><em>ἐπεὶ</em></strong></span> <span class='ocrx_word' id='word_1_187' title='bbox 642 2991 681 3064; x_wconf 77' lang='grc' dir='ltr'><strong><em>ού</em></strong></span> <span class='ocrx_word' id='word_1_188' title='bbox 702 3020 757 3062; x_wconf 87' lang='grc' dir='ltr'><strong><em>πιο</em></strong></span> <span class='ocrx_word' id='word_1_189' title='bbox 780 2995 902 3077; x_wconf 87' lang='grc' dir='ltr'><strong><em>πάντες</em></strong></span> <span class='ocrx_word' id='word_1_190' title='bbox 924 2994 1037 3082; x_wconf 86' lang='grc' dir='ltr'><strong><em>ὁμοῖοι</em></strong></span> 
     </span>
     <span class='ocr_line' id='line_1_28' title="bbox 195 3096 1047 3190; baseline 0 -25"><span class='ocrx_word' id='word_1_191' title='bbox 195 3096 305 3186; x_wconf 77' lang='grc' dir='ltr'><strong><em>ἀνέρες</em></strong></span> <span class='ocrx_word' id='word_1_192' title='bbox 326 3097 360 3165; x_wconf 87' lang='grc' dir='ltr'><strong><em>έν</em></strong></span> <span class='ocrx_word' id='word_1_193' title='bbox 378 3098 528 3186; x_wconf 82' lang='grc' dir='ltr'><strong><em>πολέμῳ,</em></strong></span> <span class='ocrx_word' id='word_1_194' title='bbox 551 3100 604 3166; x_wconf 81' lang='grc' dir='ltr'><strong><em>νῦν</em></strong></span> <span class='ocrx_word' id='word_1_195' title='bbox 626 3096 747 3169; x_wconf 73' lang='grc' dir='ltr'><strong><em>ἔπλετο</em></strong></span> <span class='ocrx_word' id='word_1_196' title='bbox 768 3101 884 3190; x_wconf 73' lang='grc' dir='ltr'><strong><em>εέρτον</em></strong></span> <span class='ocrx_word' id='word_1_197' title='bbox 906 3099 1047 3167; x_wconf 81' lang='grc' dir='ltr'><strong><em>ἀπασιν·</em></strong></span> 
     </span>
     <span class='ocr_line' id='line_1_29' title="bbox 194 3197 1159 3294; baseline -0.001 -26"><span class='ocrx_word' id='word_1_198' title='bbox 194 3202 251 3268; x_wconf 86' lang='grc' dir='ltr'><strong><em>καὶ</em></strong></span> <span class='ocrx_word' id='word_1_199' title='bbox 274 3198 307 3267; x_wconf 66' lang='grc' dir='ltr'><strong><em>δ)</em></strong></span> <span class='ocrx_word' id='word_1_200' title='bbox 330 3197 425 3267; x_wconf 86' lang='grc' dir='ltr'><strong><em>αύτοὶ</em></strong></span> <span class='ocrx_word' id='word_1_201' title='bbox 446 3200 525 3267; x_wconf 90' lang='grc' dir='ltr'><strong><em>τόδε</em></strong></span> <span class='ocrx_word' id='word_1_202' title='bbox 546 3227 613 3270; x_wconf 92' lang='grc' dir='ltr'><strong><em>που</em></strong></span> <span class='ocrx_word' id='word_1_203' title='bbox 635 3204 840 3272; x_wconf 77' lang='grc' dir='ltr'><strong><em>τιτνιόσκετε.</em></strong></span> <span class='ocrx_word' id='word_1_204' title='bbox 884 3201 931 3294; x_wconf 92' lang='grc' dir='ltr'><strong><em>μή</em></strong></span> <span class='ocrx_word' id='word_1_205' title='bbox 952 3229 1004 3283; x_wconf 91' lang='grc' dir='ltr'><strong><em>τις</em></strong></span> <span class='ocrx_word' id='word_1_206' title='bbox 1026 3198 1159 3270; x_wconf 91' lang='grc' dir='ltr'><strong><em>όπίσσω</em></strong></span> 
     </span>
     <span class='ocr_line' id='line_1_30' title="bbox 194 3301 1015 3396; baseline 0.004 -28"><span class='ocrx_word' id='word_1_207' title='bbox 194 3301 374 3392; x_wconf 85' lang='grc' dir='ltr'><strong><em>τετράφθω</em></strong></span> <span class='ocrx_word' id='word_1_208' title='bbox 397 3303 495 3388; x_wconf 83' lang='grc' dir='ltr'><strong><em>προτί</em></strong></span> <span class='ocrx_word' id='word_1_209' title='bbox 517 3306 594 3391; x_wconf 78' lang='grc' dir='ltr'><strong><em>νῆας</em></strong></span> <span class='ocrx_word' id='word_1_210' title='bbox 616 3303 838 3396; x_wconf 81' lang='grc' dir='ltr'><strong><em>ὁμοκλητῆρος</em></strong></span> <span class='ocrx_word' id='word_1_211' title='bbox 860 3302 1015 3385; x_wconf 90' lang='grc' dir='ltr'><strong><em>ἀκούσας,</em></strong></span> 
     </span>
     <span class='ocr_line' id='line_1_31' title="bbox 196 3402 1000 3496; baseline 0.007 -26"><span class='ocrx_word' id='word_1_212' title='bbox 196 3402 280 3471; x_wconf 83' lang='grc' dir='ltr'><strong><em>ἀλλὰ</em></strong></span> <span class='ocrx_word' id='word_1_213' title='bbox 303 3402 439 3492; x_wconf 87' lang='grc' dir='ltr'><strong><em>πρόσσιο</em></strong></span> <span class='ocrx_word' id='word_1_214' title='bbox 461 3407 558 3470; x_wconf 85' lang='grc' dir='ltr'><strong><em>ίεσθε</em></strong></span> <span class='ocrx_word' id='word_1_215' title='bbox 580 3407 636 3472; x_wconf 79' lang='grc' dir='ltr'><strong><em>καί</em></strong></span> <span class='ocrx_word' id='word_1_216' title='bbox 660 3406 830 3496; x_wconf 87' lang='grc' dir='ltr'><strong><em>ἀλλήλοισι</em></strong></span> <span class='ocrx_word' id='word_1_217' title='bbox 854 3408 1000 3488; x_wconf 90' lang='grc' dir='ltr'><strong><em>κέλεσθε,</em></strong></span> 
     </span>
    </p>

    <p class='ocr_par' dir='ltr' id='par_1_10' title="bbox 140 3502 1126 3698">
     <span class='ocr_line' id='line_1_32' title="bbox 140 3502 981 3600; baseline 0 -24"><span class='ocrx_word' id='word_1_218' title='bbox 140 3536 179 3576; x_wconf 79' lang='grc' dir='ltr'><strong><em>κω</em></strong></span> <span class='ocrx_word' id='word_1_219' title='bbox 198 3503 233 3573; x_wconf 83' lang='grc' dir='ltr'><strong><em>εί</em></strong></span> <span class='ocrx_word' id='word_1_220' title='bbox 251 3531 287 3571; x_wconf 90' lang='grc' dir='ltr'><strong><em>κε</em></strong></span> <span class='ocrx_word' id='word_1_221' title='bbox 309 3506 392 3583; x_wconf 70' lang='grc' dir='ltr'><strong><em>Ζεύς</em></strong></span> <span class='ocrx_word' id='word_1_222' title='bbox 414 3503 539 3595; x_wconf 82' lang='grc' dir='ltr'><strong><em>διάησιν</em></strong></span> <span class='ocrx_word' id='word_1_223' title='bbox 555 3502 735 3591; x_wconf 80' lang='grc' dir='ltr'><strong><em>Ὀλύμπιος</em></strong></span> <span class='ocrx_word' id='word_1_224' title='bbox 756 3505 981 3600; x_wconf 89' lang='grc' dir='ltr'><strong><em>ἀστεροπητής</em></strong></span> 
     </span>
     <span class='ocr_line' id='line_1_33' title="bbox 197 3603 1126 3698; baseline 0.005 -24"><span class='ocrx_word' id='word_1_225' title='bbox 197 3612 300 3686; x_wconf 87' lang='grc' dir='ltr'><strong><em>νεῖκος</em></strong></span> <span class='ocrx_word' id='word_1_226' title='bbox 322 3603 561 3690; x_wconf 83' lang='grc' dir='ltr'><strong><em>ἀπωσαμένους</em></strong></span> <span class='ocrx_word' id='word_1_227' title='bbox 583 3607 695 3697; x_wconf 88' lang='grc' dir='ltr'><strong><em>δηίους</em></strong></span> <span class='ocrx_word' id='word_1_228' title='bbox 716 3610 815 3698; x_wconf 86' lang='grc' dir='ltr'><strong><em>προτὶ</em></strong></span> <span class='ocrx_word' id='word_1_229' title='bbox 836 3612 940 3680; x_wconf 74' lang='grc' dir='ltr'><strong><em>εάστυ</em></strong></span> <span class='ocrx_word' id='word_1_230' title='bbox 964 3607 1126 3679; x_wconf 58' lang='lat' dir='ltr'><strong><em>olavam?</em></strong></span> 
     </span>
    </p>
   </div>
   <div class='ocr_carea' id='block_1_3' title="bbox 199 3807 492 3818">
    <p class='ocr_par' dir='ltr' id='par_1_11' title="bbox 199 3807 492 3818">
     <span class='ocr_line' id='line_1_34' title="bbox 199 3807 492 3818; baseline -0.014 0"><span class='ocrx_word' id='word_1_231' title='bbox 199 3811 225 3818; x_wconf 74' lang='grc'><strong><em>..-</em></strong></span> <span class='ocrx_word' id='word_1_232' title='bbox 232 3808 393 3817; x_wconf 44' lang='lat' dir='ltr'><strong><em>..um—.-</em></strong></span> <span class='ocrx_word' id='word_1_233' title='bbox 399 3807 492 3815; x_wconf 73' lang='lat'><em>--...-..-·</em></span> 
     </span>
    </p>
   </div>
   <div class='ocr_carea' id='block_1_4' title="bbox 231 3923 1095 4515">
    <p class='ocr_par' dir='ltr' id='par_1_12' title="bbox 231 3923 1095 4428">
     <span class='ocr_line' id='line_1_35' title="bbox 231 3923 927 3999; baseline -0.001 -16"><span class='ocrx_word' id='word_1_234' title='bbox 231 3931 280 3983; x_wconf 75' lang='lat'><strong><em>244</em></strong></span> <span class='ocrx_word' id='word_1_235' title='bbox 293 3935 374 3982; x_wconf 77' lang='grc' dir='ltr'><strong><em>τίπτε</em></strong></span> <span class='ocrx_word' id='word_1_236' title='bbox 387 3923 421 3982; x_wconf 83' lang='grc' dir='ltr'><strong><em>σὺ</em></strong></span> <span class='ocrx_word' id='word_1_237' title='bbox 434 3926 575 3986; x_wconf 77' lang='grc' dir='ltr'><strong><em>δείδοικας</em></strong></span> <span class='ocrx_word' id='word_1_238' title='bbox 585 3925 711 3999; x_wconf 82' lang='grc' dir='ltr'><strong><em>πόλεμον</em></strong></span> <span class='ocrx_word' id='word_1_239' title='bbox 723 3931 768 3981; x_wconf 78' lang='grc' dir='ltr'><strong><em>καὶ</em></strong></span> <span class='ocrx_word' id='word_1_240' title='bbox 781 3928 799 3980; x_wconf 89' lang='grc' dir='ltr'><strong><em>δ</em></strong></span> <span class='ocrx_word' id='word_1_241' title='bbox 802 3932 927 3997; x_wconf 56' lang='lat' dir='ltr'><strong><em>monium</em></strong></span> 
     </span>
     <span class='ocr_line' id='line_1_36' title="bbox 297 4009 1003 4085; baseline 0 -17"><span class='ocrx_word' id='word_1_242' title='bbox 297 4019 324 4068; x_wconf 83' lang='grc' dir='ltr'><strong><em>εἴ</em></strong></span> <span class='ocrx_word' id='word_1_243' title='bbox 335 4033 386 4084; x_wconf 83' lang='grc' dir='ltr'><strong><em>κερ</em></strong></span> <span class='ocrx_word' id='word_1_244' title='bbox 398 4011 453 4084; x_wconf 70' lang='grc' dir='ltr'><strong><em>κάρ</em></strong></span> <span class='ocrx_word' id='word_1_245' title='bbox 467 4011 490 4064; x_wconf 82' lang='grc' dir='ltr'><strong><em>τ’</em></strong></span> <span class='ocrx_word' id='word_1_246' title='bbox 507 4010 586 4065; x_wconf 76' lang='grc' dir='ltr'><strong><em>ἄλλοι</em></strong></span> <span class='ocrx_word' id='word_1_247' title='bbox 602 4031 634 4066; x_wconf 73' lang='grc' dir='ltr'><strong><em>τε</em></strong></span> <span class='ocrx_word' id='word_1_248' title='bbox 648 4009 887 4085; x_wconf 78' lang='grc' dir='ltr'><strong><em>περικτεινιόμεθα</em></strong></span> <span class='ocrx_word' id='word_1_249' title='bbox 900 4012 1003 4074; x_wconf 82' lang='grc' dir='ltr'><strong><em>πάντες</em></strong></span> 
     </span>
     <span class='ocr_line' id='line_1_37' title="bbox 297 4094 1095 4166; baseline 0.005 -14"><span class='ocrx_word' id='word_1_250' title='bbox 297 4103 396 4166; x_wconf 81' lang='grc' dir='ltr'><strong><em>νηυσίν</em></strong></span> <span class='ocrx_word' id='word_1_251' title='bbox 407 4097 453 4152; x_wconf 73' lang='grc' dir='ltr'><strong><em>ἐπ’</em></strong></span> <span class='ocrx_word' id='word_1_252' title='bbox 471 4096 609 4166; x_wconf 76' lang='grc' dir='ltr'><strong><em>Ἀργείων,</em></strong></span> <span class='ocrx_word' id='word_1_253' title='bbox 625 4101 671 4150; x_wconf 78' lang='grc' dir='ltr'><strong><em>σοὶ</em></strong></span> <span class='ocrx_word' id='word_1_254' title='bbox 684 4094 712 4149; x_wconf 83' lang='grc' dir='ltr'><strong><em>δ’</em></strong></span> <span class='ocrx_word' id='word_1_255' title='bbox 727 4095 758 4149; x_wconf 82' lang='grc' dir='ltr'><strong><em>οὐ</em></strong></span> <span class='ocrx_word' id='word_1_256' title='bbox 772 4097 836 4156; x_wconf 83' lang='grc' dir='ltr'><strong><em>δέος</em></strong></span> <span class='ocrx_word' id='word_1_257' title='bbox 849 4098 906 4151; x_wconf 79' lang='grc' dir='ltr'><strong><em>ἔστ’</em></strong></span> <span class='ocrx_word' id='word_1_258' title='bbox 921 4098 1095 4156; x_wconf 76' lang='grc' dir='ltr'><strong><em>ἀπολέσθαι·</em></strong></span> 
     </span>
     <span class='ocr_line' id='line_1_38' title="bbox 298 4180 957 4257; baseline 0.003 -20"><span class='ocrx_word' id='word_1_259' title='bbox 298 4183 330 4237; x_wconf 82' lang='grc' dir='ltr'><strong><em>ού</em></strong></span> <span class='ocrx_word' id='word_1_260' title='bbox 341 4182 396 4257; x_wconf 70' lang='grc' dir='ltr'><strong><em>κάρ</em></strong></span> <span class='ocrx_word' id='word_1_261' title='bbox 409 4205 452 4238; x_wconf 79' lang='grc' dir='ltr'><strong><em>τοι</em></strong></span> <span class='ocrx_word' id='word_1_262' title='bbox 464 4183 564 4255; x_wconf 82' lang='grc' dir='ltr'><strong><em>κραδίη</em></strong></span> <span class='ocrx_word' id='word_1_263' title='bbox 575 4180 721 4252; x_wconf 86' lang='grc' dir='ltr'><strong><em>μενεδήιος</em></strong></span> <span class='ocrx_word' id='word_1_264' title='bbox 733 4181 796 4236; x_wconf 76' lang='grc' dir='ltr'><strong><em>οὐδὲ</em></strong></span> <span class='ocrx_word' id='word_1_265' title='bbox 809 4180 957 4255; x_wconf 84' lang='grc' dir='ltr'><strong><em>μαχήμων.</em></strong></span> 
     </span>
     <span class='ocr_line' id='line_1_39' title="bbox 298 4264 915 4339; baseline -0.002 -16"><span class='ocrx_word' id='word_1_266' title='bbox 298 4274 323 4323; x_wconf 78' lang='grc' dir='ltr'><strong><em>εἰ</em></strong></span> <span class='ocrx_word' id='word_1_267' title='bbox 335 4271 364 4323; x_wconf 79' lang='grc' dir='ltr'><strong><em>δὲ</em></strong></span> <span class='ocrx_word' id='word_1_268' title='bbox 379 4270 413 4324; x_wconf 84' lang='grc' dir='ltr'><strong><em>σὺ</em></strong></span> <span class='ocrx_word' id='word_1_269' title='bbox 426 4271 570 4336; x_wconf 78' lang='grc' dir='ltr'><strong><em>δηιοτῆτος</em></strong></span> <span class='ocrx_word' id='word_1_270' title='bbox 583 4264 706 4339; x_wconf 80' lang='grc' dir='ltr'><strong><em>ἀφέξεαι,</em></strong></span> <span class='ocrx_word' id='word_1_271' title='bbox 720 4267 753 4336; x_wconf 83' lang='grc' dir='ltr'><strong><em>ἠέ</em></strong></span> <span class='ocrx_word' id='word_1_272' title='bbox 762 4268 813 4322; x_wconf 82' lang='grc' dir='ltr'><strong><em>τιν’</em></strong></span> <span class='ocrx_word' id='word_1_273' title='bbox 830 4268 915 4322; x_wconf 82' lang='grc' dir='ltr'><strong><em>ἀλλον</em></strong></span> 
     </span>
     <span class='ocr_line' id='line_1_40' title="bbox 297 4351 986 4428; baseline 0 -20"><span class='ocrx_word' id='word_1_274' title='bbox 297 4353 484 4428; x_wconf 85' lang='grc' dir='ltr'><strong><em>παρφάμενος</em></strong></span> <span class='ocrx_word' id='word_1_275' title='bbox 494 4357 644 4410; x_wconf 62' lang='grc' dir='ltr'><strong><em>τεκέεσσιν</em></strong></span> <span class='ocrx_word' id='word_1_276' title='bbox 655 4351 827 4426; x_wconf 71' lang='grc' dir='ltr'><strong><em>ἀποτρέψεις</em></strong></span> <span class='ocrx_word' id='word_1_277' title='bbox 840 4357 986 4424; x_wconf 82' lang='grc' dir='ltr'><strong><em>πολέμοιο,</em></strong></span> 
     </span>
    </p>

    <p class='ocr_par' dir='ltr' id='par_1_13' title="bbox 231 4437 1071 4515">
     <span class='ocr_line' id='line_1_41' title="bbox 231 4437 1071 4515; baseline 0.001 -20"><span class='ocrx_word' id='word_1_278' title='bbox 231 4442 281 4495; x_wconf 78' lang='lat'><strong><em>250</em></strong></span> <span class='ocrx_word' id='word_1_279' title='bbox 298 4438 387 4495; x_wconf 77' lang='grc' dir='ltr'><strong><em>αὐτίκ’</em></strong></span> <span class='ocrx_word' id='word_1_280' title='bbox 401 4443 460 4515; x_wconf 77' lang='grc' dir='ltr'><strong><em>έμηῖ</em></strong></span> <span class='ocrx_word' id='word_1_281' title='bbox 472 4440 527 4495; x_wconf 83' lang='grc' dir='ltr'><strong><em>ὑπὸ</em></strong></span> <span class='ocrx_word' id='word_1_282' title='bbox 540 4443 621 4514; x_wconf 78' lang='grc' dir='ltr'><strong><em>δουρὶ</em></strong></span> <span class='ocrx_word' id='word_1_283' title='bbox 633 4441 728 4498; x_wconf 75' lang='grc' dir='ltr'><strong><em>τυπεὶς</em></strong></span> <span class='ocrx_word' id='word_1_284' title='bbox 739 4437 797 4493; x_wconf 85' lang='grc' dir='ltr'><strong><em>ἀπὸ</em></strong></span> <span class='ocrx_word' id='word_1_285' title='bbox 811 4441 906 4514; x_wconf 72' lang='grc' dir='ltr'><strong><em>θυμὸν</em></strong></span> <span class='ocrx_word' id='word_1_286' title='bbox 918 4438 1071 4505; x_wconf 82' lang='grc' dir='ltr'><strong><em>ὀλέσσεις.”</em></strong></span> 
     </span>
    </p>
   </div>
   <div class='ocr_carea' id='block_1_5' title="bbox 0 0 1451 5016">
    <p class='ocr_par' dir='ltr' id='par_1_14' title="bbox 0 0 1451 5016">
     <span class='ocr_line' id='line_1_42' title="bbox 0 0 1451 5016; baseline 0 0"><span class='ocrx_word' id='word_1_287' title='bbox 0 0 1451 5016; x_wconf 95' lang='lat' dir='ltr'><strong><em> </em></strong></span> 
     </span>
    </p>
   </div>
  </div>
 </body>
</html>
