2872 5016
188 221 254 285 300
590 220 629 267 18.
668 216 846 270 ιΛιιΔοε
863 219 887 268 2
929 171 934 181 ¹

189 372 319 439 δώδεκα
342 371 378 439 δὲ
400 370 617 460 προπάροιθε
638 373 745 462 πυρῆς
766 368 1067 463 ἀποδειροτομήσω

194 473 314 561 Τρώων
336 469 444 540 ἀτλαά
466 474 575 553 τέκνα,
600 473 701 542 σέθεν
721 472 899 559 κταμένοιο
919 474 1094 556 χολωθείς.

190 575 299 666 τόφρα
322 574 360 642 δέ
380 600 440 659 μοι
462 577 556 663 παρά
577 575 670 665 νηυσί
693 573 850 666 κορωνίσι
871 572 997 643 κείσεαι
1021 573 1149 659 αύτως,

192 674 278 766 ἀμφὶ
303 677 340 743 δὲ
361 676 398 743 οὲ
424 677 536 765 Τρωσί
558 677 615 742 καί
638 675 845 763 Δαρδανίδες
865 676 1084 762 βαθύκολποι

138 805 177 846 ιιο
191 777 389 845 κλαύσονται
411 776 527 857 νύκτας
547 803 583 844 τε
604 777 661 844 καὶ
684 774 795 867 ῆματα
818 777 920 863 δάκρυ
941 777 1089 860 χέουσαι,

190 881 251 959 τάς
273 876 366 946 αύτοί
389 878 589 962 καμόμεσθα
611 877 712 969 βίηφί
732 904 769 946 τε
791 879 886 967 δουρί
906 904 943 946 τε
963 883 1094 968 μακρῷ,

192 979 325 1067 πιείρας
347 979 513 1068 πέρθοντε
535 980 635 1060 πόλις
656 980 812 1066 μερόπων
833 976 1048 1068 ἀνθρώπων.”

234 1075 279 1162 ὦς
299 1081 426 1148 εειπών
448 1078 617 1168 ἑτάροισιν
639 1080 787 1148 ἐκέκλετο
811 1084 881 1162 δῖος
902 1079 1069 1166 Ἀχιλλεύς

194 1182 281 1273 ἀμφὶ
304 1183 383 1271 πυρί
407 1185 528 1271 στῆσαι
549 1180 694 1272 τρίποδα
715 1183 830 1266 μέσαν,
854 1179 944 1274 όφρα
964 1186 1107 1270 τάχιστα

139 1318 178 1357 υιε
191 1287 385 1374 Πάτροκλον
405 1284 558 1351 λούσειαν
579 1279 650 1349 άπο
671 1283 790 1369 βρότον
811 1281 1016 1369 αἱματόεντα.

193 1384 229 1454 οἳ
248 1386 286 1453 δὲ
307 1384 497 1471 λοετροχόον
517 1380 654 1472 τρίποδ’
676 1387 818 1451 ἵστασαν
839 1384 873 1452 ἐν
895 1387 977 1474 πυρί
998 1388 1116 1478 κηλέῳ,

192 1489 227 1554 ἐν
249 1484 280 1553 δ’
303 1482 356 1572 ἀρ’
378 1483 465 1572 ὕδωρ
490 1480 595 1565 ἔχεαν,
620 1482 687 1550 ύπό
711 1485 747 1549 δὲ
769 1485 849 1566 ξύλα
871 1488 963 1554 δαῖον
985 1484 1120 1570 ἑλόντες.

191 1588 333 1677 τάστρην
354 1585 413 1671 μέν
434 1583 596 1674 τρίποδος
618 1588 683 1673 πῦρ
706 1581 853 1676 ἀμφεπε,
877 1587 1023 1678 θέρμετο
1045 1588 1081 1658 δ’
1101 1590 1206 1681 ύδωρ.

194 1687 296 1778 αίπάρ
318 1688 392 1756 ἐπεὶ
416 1689 454 1778 δῆ
480 1686 590 1768 ζέσσεν
611 1686 698 1776 ύδωρ
720 1686 768 1755 ἐνὶ
788 1687 913 1776 εῆνοπι
934 1692 1059 1780 χαλκῷ,

140 1822 179 1860 350
193 1792 251 1858 καὶ
272 1791 348 1859 τότε
371 1791 409 1880 δῆ
432 1789 551 1858 λοῦσάν
573 1790 686 1856 τεκαὶ
708 1786 852 1880 ἤλειψαν
872 1789 948 1857 λίπ’
970 1791 1085 1883 ἐλαίῳ,

194 1896 228 1962 έν
250 1891 282 1961 δ’
305 1891 443 1972 ἀτειλάς
465 1894 594 1981 πλῆσαν
616 1889 795 1979 ἀλείφατος
815 1890 995 1980 ἐννεώροιο.

195 1998 229 2065 έν
250 1995 395 2080 λεχέεσσι
417 1995 454 2061 δέ
475 1995 591 2073 θέντες
612 1991 699 2081 ἑανῷ
719 1993 787 2060 λιτὶ
810 1993 963 2083 κάλυψαν

195 2100 229 2179 ἐς
249 2098 360 2178 πόδας
381 2097 417 2165 ἐκ
439 2098 595 2187 κεφαλῆς,
618 2095 818 2186 καθύπερθε
841 2094 878 2162 δὲ
898 2096 1002 2186 φάρεϊ
1020 2099 1133 2186 λευκῷ.

237 2198 411 2283 παννύχιοι
432 2198 492 2284 μέν
512 2195 631 2265 ἔπειτα
653 2197 764 2276 πόδας
784 2198 881 2280 ταχύν
904 2193 990 2289 ἀμφ’
1013 2196 1152 2287 Ἀχιλῆα

143 2335 182 2375 355
198 2299 411 2389 Μυρμιδόνες
432 2299 623 2387 Πάτροκλον
645 2296 901 2380 άναστενάχοντο
921 2302 1074 2379 τοιῦντες·

144 2437 182 2475 aas·
193 2401 379 2492 Ἡφαίστου
403 2398 435 2467 δ’
459 2404 550 2466 ἵκανε
572 2398 676 2483 δόμον
700 2398 799 2477 Θέτις
821 2395 1028 2487 ἀρτυρόπεζα

198 2502 347 2594 ἀφθιτον
369 2498 576 2587 ἀστερόεντα,
598 2497 806 2589 μεταπρεπέ’
830 2496 1068 2585 ἀθανάτοισιν,

197 2605 346 2689 χάλκεον,
371 2601 406 2669 όν
428 2600 459 2689 ῥ’
483 2600 581 2681 αὐτὸς
604 2601 770 2690 ποιήσατο
792 2602 1031 2671 κυλλοποδίων.

198 2709 255 2775 τόν
277 2702 309 2773 δ’
333 2697 398 2791 εὗρ’
423 2701 583 2790 ίδριύοντα
603 2704 835 2788 τελισσόμενον
857 2707 934 2793 περὶ
957 2705 1079 2796 φύσας,

199 2808 400 2878 σπεύδοντα·
422 2806 585 2897 τρίποδας
605 2807 667 2895 τάρ
689 2803 833 2874 ἐεείκοσι
855 2806 984 2888 πάντας
1005 2806 1129 2893 ἔτευχεν

199 2912 374 2998 ἑστάμεναι
396 2911 474 3000 περὶ
496 2916 604 2994 τοῖχον
625 2907 808 3000 ἐυσταθέος
829 2908 1002 2999 μετάρσια,

147 3054 185 3092 375
198 3016 317 3105 χρύσεα
340 3014 378 3082 δέ
398 3012 457 3105 σφ’
480 3011 547 3083 ύπό
570 3014 672 3082 κύκλα
693 3010 842 3099 εεκάστφ
864 3011 1014 3095 πυθμένι
1034 3013 1152 3100 θῆκεν,

200 3116 288 3207 όφρα
308 3142 365 3184 σοι
388 3113 571 3202 αύτόματοι
592 3120 688 3183 θεῖον
711 3109 861 3181 δυσαίατ’
885 3108 994 3178 ἀτῶνα

236 3342 285 3391 356
303 3340 371 3399 Ζεὺς
389 3338 416 3390 δ’
433 3337 523 3410 Ἥρην
541 3342 712 3412 προσέταττε
730 3335 899 3405 κασιτνῆτην
917 3333 1023 3408 ἄλοχόν
1039 3355 1067 3390 τε

299 3422 438 3495 “έπρηξας
456 3427 501 3476 καὶ
520 3423 623 3487 ἔπειτα,
641 3424 747 3488 βοῶπις
765 3419 868 3475 πότνια
880 3418 966 3495 Ἤρη,

301 3504 457 3573 ἀνστήσασ’
471 3504 581 3577 Ἀχιλῆα
600 3504 692 3564 πόδας
709 3502 803 3574 ταχύν.
839 3498 908 3578 ῆρλά
927 3525 960 3561 νυ
980 3513 1039 3562 σεῖο

301 3590 329 3652 έξ
347 3589 429 3650 αὐτῆς
447 3592 574 3646 έτένοντο
593 3588 662 3663 κάρη
681 3587 838 3660 κομόωντες
849 3588 979 3659 Ἀχαιοί.”

237 3681 286 3731 360
338 3676 388 3731 τὸν
406 3675 433 3729 δ’
455 3677 575 3748 ἠμείβετ’
597 3678 692 3740 ἔπειτα
710 3678 817 3745 βοῶπις
834 3673 937 3730 πότνια
950 3674 1021 3751 Ἥρη

300 3764 314 3782 “
324 3764 453 3820 αἰνότατε
471 3763 608 3836 Κρονίδη,
628 3770 714 3817 ποῖον
731 3760 780 3816 τὸν
796 3763 894 3831 μῦθον
912 3762 1029 3825 banse.

301 3854 346 3905 καὶ
364 3847 421 3924 μὴν
439 3847 473 3918 δή
493 3846 549 3903 πού
567 3868 608 3908 τις
624 3852 719 3920 μέλλει
736 3847 836 3919 βροτὸς
853 3844 935 3920 ἀνδρὶ
953 3852 1089 3912 τελέσσαι,

303 3933 334 3996 ὃς
351 3955 404 4008 περ
423 3933 526 4002 θνητός
543 3932 568 3987 τ’
589 3936 647 3988 έστὶ
665 3937 711 3987 καὶ
729 3933 762 3987 οὐ
782 3932 851 3988 τόσα
867 3931 960 4005 μῆδεα
976 3935 1085 3990 εοῖδεν·

304 4027 363 4083 πῶς
380 4020 414 4090 δὴ
433 4020 487 4075 ένιύ
505 4018 544 4087 τ’,
563 4017 579 4088 ῆ
597 4041 672 4092 φημι
690 4018 785 4074 θεάων
802 4020 893 4093 ἔμμεν
910 4018 1022 4092 ἀρίστη,

237 4110 286 4160 365
305 4106 476 4182 ἀμφότερον,
495 4109 575 4179 νενεῆ
593 4124 621 4159 ιε
639 4107 685 4158 καλ
703 4103 802 4160 οὕνεκα
822 4103 855 4172 σῆ
875 4101 1041 4176 παράκοιτις

302 4198 443 4265 κέκλημαι,
462 4193 496 4247 σὺ
515 4194 545 4248 δὲ
564 4194 636 4245 πᾶσι
653 4188 713 4262 μετ’
736 4188 905 4245 ἀθανάτοισι
924 4180 1081 4255 εανάσσεις,

302 4276 352 4330 οὐκ
371 4277 475 4349 ὄφελον
494 4276 623 4350 Τρώεσσι
640 4279 830 4346 κοτεσσαμένη
848 4271 918 4327 κακά
936 4267 1054 4347 ῥάψαι,·”

336 4348 370 4421 ὧς
389 4366 417 4415 οἳ
434 4364 488 4434 μὲν
504 4367 618 4416 τοιαῦτα
637 4357 708 4430 πρὸς
727 4357 860 4427 ἀλλήλους
877 4358 1021 4429 ἀνύρευον.

1073 4766 1323 5004 Χ
