2872 5016
188 312 251 380 186
588 318 628 363 ιι.
665 311 887 367 mmm

189 465 252 551 νίζ)
274 467 372 536 ύδατι
393 469 512 556 λιαρῷ,
537 465 597 536 ἐπὶ
619 468 656 535 δέ
677 463 769 558 ῥίζαν
791 467 873 555 βάλε
895 467 1016 560 πικρήν

184 571 277 660 χερσί
299 569 491 660 διατρίψας,
515 565 733 659 ὀδυνήφατον,
755 569 778 661 ή
797 597 855 639 σοι
877 567 1013 653 ἁπάσας

186 671 255 756 ἔσχ’
277 671 403 753 ὀδύνας.
447 673 486 740 τδ
508 673 567 757 μέν
590 671 684 751 ἕλκος
705 671 864 763 έτέρσετο,
888 673 1041 742 παύσατο
1062 670 1098 741 δ’
1121 666 1215 759 αἷμα.

134 780 173 840 12
229 768 273 856 ῶς
295 770 315 844 ὃ
337 775 396 859 μέν
417 775 451 842 έν
475 772 623 865 κλισίῃσι
646 772 828 842 Μενοιτίου
851 770 992 860 δίλκιμος
1011 772 1085 855 υἱός

186 875 252 946 ἰᾶτ’
273 875 466 966 Εὐρύπυλον
486 877 696 964 βεβλημένον·
719 871 756 944 οἳ
775 876 814 944 δέ
834 876 978 963 μάχοντο

186 977 331 1070 Ἀρτεῖοι
354 979 411 1047 καὶ
438 981 545 1067 Τρῶες
567 974 736 1064 όμιλαδόν.
782 975 855 1045 ούδ’
879 975 932 1066 ίίρ’
954 974 1085 1065 ἔμελλεν

185 1083 311 1172 τάφρος
333 1079 383 1150 ἔτι
406 1080 536 1171 σχήσειν
557 1082 697 1148 Δαναῶν
718 1079 775 1146 καὶ
797 1084 902 1162 τεῖχος
923 1077 1069 1169 ύπερθεν

159 1181 275 1273 τεύρύ,
297 1184 336 1252 τδ
357 1183 541 1273 ποιήσαντο
563 1191 641 1250 νεῶν
662 1182 758 1271 ύπερ,
782 1178 871 1273 άμφί
893 1181 930 1248 δέ
949 1181 1076 1271 τάφρον

187 1283 319 1375 ήλασαν.
364 1282 442 1352 οόδέ
464 1290 579 1354 θεοῖσι
601 1283 704 1353 δόσαν
724 1286 855 1364 κλειτὰς
876 1281 1075 1369 ἑκατόμβας,

188 1384 278 1476 όφρα
300 1410 381 1476 σφιν
402 1385 481 1475 νῆάς
501 1412 538 1454 τε
559 1387 647 1466 θοάς
667 1387 725 1454 καὶ
747 1386 846 1476 ληίδα
867 1385 993 1477 πολλήν

188 1488 277 1568 ένεδς
298 1485 369 1571 έχον
391 1488 518 1576 ῥύοιτο,
541 1490 631 1556 θεῶν
653 1485 685 1555 δ>
708 1486 844 1580 άεέκητι
864 1488 998 1556 τέτυκτο

190 1587 382 1658 άθανάτων·
404 1590 443 1657 τό
467 1589 523 1656 καὶ
547 1585 586 1657 ού
606 1616 641 1657 τι
662 1592 765 1659 πολύν
784 1590 898 1679 χρόνον
920 1588 1064 1676 ἔμπεδον
1083 1581 1147 1678 ήεν.

150 1719 174 1757 10
191 1689 280 1784 όφρα
301 1692 360 1777 μέν
373 1691 501 1779 Ἕκτωρ
525 1691 607 1774 ζωδς
627 1691 682 1783 έην
703 1692 760 1759 καί
781 1689 873 1781 μήνι>
895 1688 1065 1775 Ἀχιλλεύς

190 1793 247 1862 καί
268 1793 440 1882 Πριάμοιο
461 1793 621 1874 τάνακτος
644 1792 839 1884 άπόρθητος
860 1793 960 1872 πόλις
980 1789 1091 1873 ἔπλεν,

188 1896 297 1987 τόφρα
319 1897 356 1964 δέ
377 1900 435 1964 καὶ
456 1896 541 1983 μέτα
561 1903 669 1983 τεῖχος
688 1893 831 1979 Ἀχαιῶν
851 1891 995 1980 ἔμπεδον
1014 1886 1080 1983 ήεν.

191 1997 292 2088 αύτάρ
315 1999 391 2067 ἐπεὶ
413 2000 499 2067 κατὰ
519 1999 580 2085 μέν
606 1999 726 2088 Τρώων
747 2000 853 2068 θάνον
875 1996 971 2067 ὅσσοι
993 1993 1139 2087 άριστοι,

192 2101 311 2170 πολλοὶ
334 2099 368 2169 δ’
391 2099 548 2190 Ἅριείων
569 2097 606 2169 οἳ
624 2102 684 2187 μέν
706 2103 809 2189 δάμεν
832 2097 869 2170 οἳ
887 2101 925 2168 δέ
947 2099 1096 2182 λίποντο,

151 2222 176 2262 1⁵
191 2206 338 2291 πέρθετο
361 2205 397 2272 δέ
417 2205 588 2293 Πριάμοιο
610 2205 709 2287 πόλις
731 2205 858 2294 δεκάτῳ
880 2203 1034 2291 ἐνιαυτῷ,

189 2303 332 2394 Ἀρτεῖοι
356 2303 389 2373 δ’
411 2305 444 2374 ἐν
466 2308 559 2397 νηυσί
582 2306 680 2397 φίλην
702 2308 736 2388 ές
758 2304 894 2397 πατρίδ’
916 2303 1050 2396 ἔβησαν,

191 2408 231 2496 δή
254 2407 328 2474 τότε
349 2409 532 2495 μητιόωντο
552 2408 748 2475 Ποσειδάων
769 2409 826 2474 καὶ
848 2405 1021 2473 Ἀπόλλων

189 2513 294 2591 τεῖχος
317 2505 516 2591 α’μαλδῦναι,
540 2510 698 2594 ποταμῶν
718 2507 815 2595 μένος
836 2507 1064 2588 εἷσαν-ατόνιες

192 2607 289 2677 ὅσσοι
312 2606 376 2677 ἄπ’
397 2606 523 2676 Ἰδαίων
546 2606 647 2699 όρέων
669 2609 773 2678 ἅλαδε
794 2611 1004 2699 προρέουσιν,

151 2733 176 2772 νο
187 2710 301 2801 Ῥῆσός
321 2708 362 2781 θ’
381 2707 593 2799 Ἑπτάπορός
613 2739 649 2780 τε
671 2713 829 2804 Κάρησός
849 2739 885 2780 τε
902 2708 1026 2792 Ῥοδίος
1045 2735 1082 2778 τε

191 2813 351 2902 Γρήνικός
369 2839 406 2881 τε
426 2814 484 2881 καὶ
506 2811 670 2904 Αἴσηπος
692 2815 765 2895 δῖός
785 2841 822 2883 τε
842 2814 1054 2902 Σκάμανδρος

190 2917 247 2983 καὶ
269 2917 420 3001 Σιμόεις,
444 2914 505 2986 ὅθι
528 2919 636 2985 πολλοὶ
659 2917 802 3007 βοάτρια
824 2919 881 2984 καὶ
902 2917 1100 3007 τρυφάλειαι

190 3018 365 3087 κάππεσον
387 3020 420 3089 έν
441 3017 572 3112 κονίησι
594 3022 650 3090 καί
672 3018 825 3112 ἡμιθέων
845 3019 938 3098 τίνος
960 3014 1093 3105 άνδρῶν.

189 3122 254 3187 τῶν
275 3122 408 3190 πάντων
430 3121 534 3209 ὁμόσε
555 3124 706 3209 στόματα
726 3123 834 3214 τράπε
857 3126 979 3206 Φοῖβος
1000 3116 1186 3203 Ἀπόλλων,

151 3245 176 3284 2⁵
190 3222 329 3313 ἐννῆμαρ
352 3224 386 3292 δ’
408 3224 441 3304 ές
462 3232 569 3310 τεῖχος
591 3231 625 3317 ίη
649 3227 738 3317 ῥόον·
760 3218 796 3294 ύε
819 3222 852 3292 δ’
875 3221 940 3313 δίρα
962 3221 1046 3302 Ζεύς

190 3324 329 3406 συνεχές,
353 3321 442 3413 όφρα
464 3351 501 3391 κε
524 3329 654 3395 θάσσω
675 3326 822 3395 ἁλίπλοα
842 3325 951 3410 τείχεα
973 3322 1061 3415 θείη.

191 3420 290 3501 αύτδς
312 3422 344 3490 δ’
368 3423 568 3506 είνοσίταιος
589 3425 672 3508 ἔχων
692 3425 837 3516 χείρεσσι
857 3426 1009 3513 τρίαιναν

190 3521 302 3611 ήτεῖτ’,
326 3525 363 3591 ἐκ
386 3524 418 3592 δ’
442 3523 505 3615 ι’ίρα
528 3527 638 3595 πάντα
659 3527 817 3613 θεμείλια
839 3528 961 3611 κύμασι
984 3529 1117 3612 πέμπεν

192 3627 318 3717 φιτρῶν
340 3625 397 3693 καὶ
419 3627 520 3709 λάων,
544 3631 586 3696 τὰ
609 3630 716 3697 θέσαν
737 3627 908 3714 μοτέοντες
929 3625 1071 3712 Ἀχαιοί,

153 3747 179 3786 ³⁰
194 3729 265 3795 λεῖα
288 3724 320 3794 δ’
343 3724 499 3818 ἐποίησεν
520 3727 605 3818 παρ’
628 3727 790 3818 άιάρροον
808 3729 1062 3818 Ἑλλήσποντον,

193 3823 287 3910 αὖτις
310 3827 344 3897 δ’
367 3827 464 3920 ήιόνα
483 3830 626 3921 μεν-άλην
648 3832 847 3919 ψαμάθοισι
870 3832 1028 3924 κάλυψεν,

192 3938 300 4016 τεῖχος
321 3930 521 4018 ἀμαλδύνας·
544 3935 716 4019 ποταμούς
738 3935 776 4003 δέ
796 3935 899 4026 τρέψε
920 3934 1058 4005 νέεσθαι

194 4037 254 4125 κάρ
277 4034 366 4124 ῥόον,
389 4028 411 4127 ᾗ
434 4060 496 4124 περ
518 4034 668 4123 πρόσθεν
689 4041 737 4104 ἵεν
758 4035 949 4126 καλλίρροον
970 4036 1066 4128 ὕδωρ.

238 4129 282 4217 ῶς
304 4134 357 4226 άρ)
381 4135 514 4224 ἔμελλον
536 4135 664 4206 όπισθε
684 4139 884 4207 Ποσειδάων
906 4141 963 4207 καὶ
985 4137 1160 4210 Ἀπόλλων

154 4250 180 4289 ³⁵
196 4240 392 4329 θησέμεναι·
414 4241 490 4310 τότε
512 4239 543 4308 δ’
565 4238 654 4332 ἀμφὶ
674 4241 761 4330 μάχη
785 4239 888 4331 ἐνοπή
909 4267 945 4308 τε
968 4243 1097 4330 δεδήειν

194 4348 299 4426 τεῖχος
320 4343 494 4434 ἐύδμητον,
516 4343 669 4428 κανάχιζε
691 4346 728 4411 δέ
750 4344 893 4433 δούρατα
916 4345 1048 4433 πύρνων

195 4443 379 4532 βαλλόμεν’.
416 4443 560 4534 Ἀρι-εἶσι
584 4444 621 4513 δέ
643 4446 728 4525 Διὸς
748 4445 886 4530 μάστιτι
911 4445 1066 4532 δαμέντες

1036 4716 1165 4986 ι,
