2872 5016
192 267 235 332 33
510 242 513 247 ’
597 273 621 319 υ.
661 265 884 319 mmm

192 417 375 509 Ἀτρεΐδης,
398 419 476 488 ε’πεί
498 417 537 487 σύ
558 442 621 508 σφι
643 418 819 486 θαλάσσια
839 417 939 508 γέργα
960 419 1125 509 μεμήλειν.

139 549 178 588 ωε
235 517 272 587 οἳ
291 518 323 587 δ’
347 517 411 607 ἀρα
434 519 647 609 Βουπράσιόν
667 545 704 587 τε
725 518 923 587 καίἪλιδα
945 523 1019 588 δῖαν
1040 521 1163 604 ἔναιον,

192 621 291 690 όσσσν
313 619 367 710 ἐφ’
387 618 520 709 Ὑρμίνη
543 622 600 688 καί
623 622 794 709 Μύρσινος
815 622 1007 704 ἐσχατόωσα

193 723 295 812 πέτρη
314 719 348 787 τ’
368 719 492 811 Ὠλενίη
514 724 572 788 καί
594 718 759 790 Ἀλείσιον
781 724 871 803 έντδς
893 723 1031 811 έγέργει,

192 826 257 889 τῶν
279 816 319 888 αὖ
340 821 495 908 τέσσαρες
518 819 613 910 ἀρχοὶ
636 819 727 903 ἔσαν,
750 824 832 890 δέκα
855 822 887 891 δ’
910 823 1005 914 ἀνδρί
1026 825 1177 915 γεκάστφ

195 926 267 1012 νῆες
290 922 410 991 ἕποντο
432 922 532 1001 θοαί,
555 921 673 1002 πολέες
696 920 729 989 δ’
751 921 907 1010 ἔμβαινον
926 924 1062 993 Ἐπειοί.

139 1057 179 1096 ετο
192 1028 256 1091 τῶν
276 1025 337 1108 μὲν
359 1022 411 1111 ἀρ’
436 1023 648 1113 Ἀμφίμαχος
668 1026 725 1092 καί
751 1027 903 1104 Θάλπιος
923 1023 1133 1117 ἡγησάσθην,

192 1118 261 1205 υἷες
282 1121 301 1193 ὃ
322 1127 381 1210 μέν
402 1126 550 1207 Κτεάτομ
573 1120 593 1191 ὃ
615 1123 646 1192 δ’
670 1123 721 1216 ἀρ’
745 1125 904 1215 Εόρύτου,
928 1124 1154 1214 Ἀκτορίωνες,

194 1230 259 1293 τῶν
283 1225 315 1294 δ’
336 1225 599 1315 Ἀμαρυγκεΐδης
620 1221 714 1314 ήρχεν
735 1229 891 1314 κρατερός
912 1225 1061 1318 Διιόρης·

192 1330 255 1395 τῶν
277 1330 314 1395 δέ
335 1331 497 1416 τετάρτων
518 1322 595 1415 ήρχε
616 1327 812 1408 Πολύξεινος
833 1329 1025 1417 θεογειδής,

193 1427 265 1509 υίὸς
286 1429 508 1506 Ἀγασθένεος
529 1424 731 1516 Αύγηιάδασ
751 1430 922 1509 γάνακτυς.

53 1582 57 1586 -
141 1554 180 1596 ωε
238 1527 273 1598 οἳ
293 1528 323 1597 δ)
347 1529 383 1596 έκ
406 1529 601 1610 Δουλιχίοιο
621 1527 776 1611 Ἐχινάων
797 1528 837 1597 θ’
860 1528 977 1617 λεράων

193 1631 314 1719 νήσιυν,
339 1626 379 1696 αἳ
396 1630 527 1697 ναίουσι
551 1630 652 1717 πέρην
673 1628 918 1710 άλός,Ἤλιδος
941 1629 1034 1713 ἀντα,

193 1734 258 1798 τῶν
280 1725 362 1799 αὖθ’
385 1728 558 1821 ἡγεμόνευε
581 1731 699 1821 Μέγης
721 1729 901 1812 ἀτάλαντος
920 1730 1033 1823 Ἀρηι,

196 1835 370 1924 Φυλεΐδης,
395 1828 432 1899 ὃν
453 1830 559 1901 ἔτικτε
581 1831 730 1924 διίφιλυς
753 1832 884 1901 ἱππότα
908 1836 1044 1919 Φυλεύς,

195 1934 233 2016 ός
255 1961 338 2004 ποτε
360 1932 574 2019 Δουλιχιόνδ)
597 1933 808 2003 ἀπενάσσατο
830 1937 935 2023 πατρὶ
956 1936 1128 2019 χολωθείς.

140 2057 179 2096 6³0
193 2040 242 2126 τῷ
264 2035 298 2104 δ’
320 2037 390 2123 ἅμα
410 2038 653 2128 τεσσαράκοντα
674 2039 828 2122 μέλαιναι
851 2040 925 2127 νῆες
948 2037 1077 2105 ἕποντο.

237 2137 338 2230 αότάρ
358 2137 530 2220 Ὀδυσσεύς
551 2135 610 2230 ήγε
632 2142 847 2230 Κεφαλλῆνας
868 2140 1097 2224 μεγαθύμους,

193 2243 228 2308 οἵ
248 2239 279 2329 ῤ’
299 2239 432 2331 Ἰθάκην
455 2237 542 2326 εἶχον
563 2243 620 2308 καί
643 2241 787 2330 Νήριτον
809 2239 1046 2332 εἰνοσίφυλλον,

193 2342 251 2408 καί
273 2341 449 2430 Κροκύλει’
472 2344 624 2426 ἐνέμοντο
646 2343 705 2408 καὶ
726 2341 901 2409 Αἰγίλιπα
922 2349 1086 2432 τρηχεῖαν,

194 2444 230 2508 ολ
249 2465 285 2506 τε
307 2441 481 2507 Ζάκυνθον
503 2437 576 2522 ἔχον
596 2437 653 2527 ἠδ’
677 2435 713 2504 άί
732 2441 843 2524 Σάμον
865 2439 1104 2532 ἀμφενέμοντο,

140 2558 180 2598 ⁶³⁵
197 2544 232 2608 οἳ
251 2538 280 2606 τ’
304 2537 444 2631 ήπειρον
466 2537 538 2623 ἔχον
560 2536 614 2628 ἠδ’
639 2536 837 2627 ἀντιπέραια
858 2542 1000 2627 νέμοιτο.

195 2641 341 2727 τῶνμὲν
359 2640 531 2720 Ὀδυσσεύς
553 2633 629 2729 ἦρχε
651 2641 712 2709 Διί
735 2645 832 2733 μήτιν
854 2640 1046 2728 ἀτάλαντος,

194 2745 242 2831 τῷ
266 2743 296 2809 δ’
321 2742 390 2828 άμα
412 2744 485 2832 νῆες
508 2741 626 2810 ἕποντο
650 2743 797 2812 δυώδεκα
818 2747 1052 2839 μιλτοπάρῃοι.

238 2843 405 2913 Αἰτωλῶν
428 2841 461 2910 δ’
483 2841 594 2933 ἡγεῖτο
620 2846 709 2925 Θόας
729 2844 963 2935 Ἀνδραίμονος
984 2849 1071 2933 υλός,

195 2942 233 3014 οἳ
251 2944 416 3036 Πλευρῶν’
440 2945 590 3029 ἐνέμοντο
611 2948 670 3014 καί
680 2945 817 3017 Ὤλενον
837 2946 897 3038 ήδέ
918 2954 1069 3044 Πυλήνην

140 3067 180 3105 ⁶⁴0
194 3046 351 3115 Χαλκίδα
372 3045 402 3113 τ’
427 3044 583 3132 ἀγχίαλον
606 3049 787 3116 Καλυδῶνά
809 3075 845 3117 τε
866 3053 1083 3142 πετρήεσσαν·

194 3149 231 3218 υό
253 3152 316 3238 γάρ
340 3145 387 3217 ἔτ’
413 3148 534 3241 Οἰνῆος
554 3152 777 3242 μεγαλήτορος
799 3148 885 3233 υἱέες
906 3145 1000 3243 ήσαν,

194 3248 266 3320 ούδ)
290 3248 344 3341 ἀρ’
367 3247 411 3318 ἔτ)
437 3250 534 3333 αότδς
555 3252 622 3344 ἔην,
646 3256 732 3323 θάνε
755 3256 791 3324 δέ
813 3257 936 3338 ξανθὸς
957 3259 1167 3348 Μελέαγρος,

192 3356 241 3442 τῷ
265 3351 297 3420 δ’
321 3352 380 3421 ἐπὶ
402 3350 501 3418 πάντ’
523 3353 676 3422 ἐτέταλτο
697 3358 898 3440 γανασσέμεν
919 3358 1135 3428 Αἰτωλοῖσιν.

192 3457 240 3543 τῷ
264 3455 295 3521 δ’
320 3453 390 3539 ἅμα
414 3451 659 3540 τεσσαράκοντα
681 3453 836 3536 μέλαιναι
857 3459 930 3542 νῆες
952 3457 1082 3525 ἕποντο.

137 3569 177 3609 ⁶4⁵
235 3559 372 3646 Κρητῶν
394 3554 424 3624 δ’
445 3553 625 3638 Ἰδομενεύς
647 3553 855 3637 δουρικλυτὸς
876 3552 1082 3641 ἡγεμόνευεν,

190 3657 229 3727 οἳ
248 3660 385 3728 Κνωσόν
406 3654 441 3724 τ’
465 3649 552 3739 είχον
577 3653 723 3740 Γόρτυνά
745 3678 781 3719 τε
802 3653 1021 3733 τειχιόεσσαν,

191 3761 326 3829 Λύκτον
348 3757 503 3850 Μίλητόν
523 3780 560 3822 τε
582 3754 639 3839 καὶ
663 3749 855 3844 ἀργινόεντα
877 3750 1056 3820 Λύκαστον

192 3863 341 3932 Φαιστόν
361 3887 398 3929 τε
416 3858 543 3927 Ῥύτιόν
563 3883 613 3939 τε,
637 3855 737 3934 πόλις
759 3854 794 3921 έύ
816 3851 1042 3935 ναιεταούσας,

190 3963 285 4034 άλλοι
306 3961 345 4033 θ’
371 3958 408 4031 άί
426 3960 558 4051 Κρήτην
581 3957 807 4040 ἑκατόμπολιν
830 3951 1062 4043 ἀμφενέμοντο.

136 4085 175 4125 ⁶⁵0
189 4070 254 4134 τῶν
274 4066 333 4152 μέν
356 4062 409 4156 ἀρ’
429 4061 604 4148 Ἰδομενεύς
631 4057 843 4145 δουρικλυτὸς
866 4050 1057 4142 ἡγεμόνευεν

190 4167 365 4258 Μηριόνης
386 4167 417 4235 τ’
441 4164 622 4242 ἀτάλαντος
641 4156 797 4246 Ἐνυαλίῳ
822 4152 1052 4251 ἀνδρεϊφόντη·
1079 4155 1089 4189 ‘

186 4275 274 4337 τοῖσι
297 4266 329 4335 δ’
352 4266 408 4354 ἀμ’
433 4266 622 4339 ὀγδώκοντα
644 4263 799 4349 μέλαιναι
821 4259 893 4344 νηες
916 4255 1046 4328 λίποντο.

235 4370 454 4461 Τληπόλεμος
475 4370 507 4441 δ’
527 4367 745 4461 Ἡρακλείδης
765 4361 824 4452 ήύς
845 4383 881 4426 τε
901 4355 1004 4444 μέγας
1024 4387 1059 4429 τε
