2872 5016
186 255 230 322 40
598 256 621 302 ε.
660 250 881 302 ιιιιΔοῑυ

190 407 281 489 υἱέας
302 406 443 498 Εόηνοῖο
465 406 678 497 Σεληπιάδαο
699 405 868 487 νάνακτος.

189 514 247 601 τῆς
270 508 289 577 ό
309 536 347 577 τε
368 506 450 577 κεῖτ’
472 507 589 591 ἀχέων,
611 505 696 591 τάχα
719 506 749 574 δ’
775 500 1001 600 ἀνστήσεσθαι
1024 507 1166 596 ἔμελλεν.

73 619 77 625 ’
137 643 175 685 ωε
233 609 269 681 οἳ
290 611 321 680 δ’
345 606 431 696 εἶχον
454 611 606 700 Φυλάκην
628 612 684 678 καὶ
706 610 865 699 Πύρασον
887 611 1106 698 ἀνθεμόεντα,

189 716 364 805 Δήμητρος
384 715 530 798 τέμενος,
555 711 681 780 Ρίτωνά
703 739 738 779 τε
759 714 884 803 μητέρα
906 715 1031 804 μήλων,

190 814 347 899 ἀτχίαλόν
368 813 397 881 τ’
414 812 583 902 Ἀντρῶνα
604 816 678 881 ,τιδέ
700 815 842 882 Πτελεὸν
863 814 1049 904 λεχεποίην,

186 925 253 984 τών
275 911 314 983 αὖ
336 914 569 1004 Πρωτεσίλαος
590 913 707 1006 ἀρήιος
728 911 924 1004 ήτεμόνευεν
1001 944 1003 951 ·

191 1020 272 1100 ζωός
294 1016 369 1086 ἐών·
391 1016 468 1084 τότε
490 1016 522 1084 δ’
544 1015 606 1107 ήδη
630 1015 700 1099 έχεν
721 1017 806 1082 κάτα
827 1022 907 1083 ναῖα
928 1017 1079 1101 μέλαινα.

137 1124 245 1190 ιοοτοῦ
268 1122 383 1187 δὲκαὶ
406 1116 619 1210 ἀμφιδρυφής
643 1115 760 1203 ἀλοχος
783 1118 916 1208 Φυλάκη
940 1116 1110 1186 ἐλέλειπτο

170 1223 246 1289 ,καὶ
269 1222 368 1306 δόμος
389 1220 557 1311 ἡμιτελής·
579 1223 635 1288 τόν
659 1225 696 1287 δέ
718 1222 814 1286 κτάνε
836 1221 1010 1306 Δάρδανος
1033 1216 1114 1308 ἀνήρ

188 1325 265 1413 νηός
287 1321 556 1407 ἀποθρώσκοντα
580 1321 663 1386 πολδ
689 1319 876 1409 πρώτιστον
896 1318 1050 1404 Ἀχαιῶν.

190 1423 267 1492 οὐδὲ
288 1426 346 1508 μέν
369 1419 440 1490 οάδ>
464 1419 499 1488 οἳ
521 1418 655 1509 ἀναρχοι
679 1418 770 1505 ἔσαν,
794 1424 924 1491 πόθεόν
944 1449 982 1490 τε
1002 1424 1061 1508 μὲν
1083 1418 1195 1510 ἀρχόν·

191 1524 275 1592 ἀλλά
299 1547 403 1614 σφεας
424 1523 570 1612 κόσμησε
591 1524 769 1614 Ποδάρκης
791 1521 867 1604 όζος
886 1521 1019 1614 Ἀρηος,

139 1648 178 1692 τοι
192 1624 354 1717 Ριφίκλου
377 1620 450 1703 υῖδς
473 1624 662 1713 πολυμήλου
686 1624 893 1706 Φυλακίδαο,

193 1725 468 1817 αότοκασίννητος
489 1725 685 1810 μεταθέμου
706 1727 942 1814 Πρωτεσιλάου

193 1827 373 1917 ὁπλότερος
393 1831 499 1920 νενεῇ·
523 1822 543 1895 δ
565 1824 595 1894 δ’
619 1825 688 1912 ἅμα
710 1828 869 1918 πρότερος
890 1831 947 1897 καὶ
968 1827 1095 1918 ἀρείων.

139 1933 239 2021 τιοτηῖ
263 1927 295 1997 δ’
319 1929 388 2016 ἅμα
410 1931 652 2022 τεσσαράκοντα
674 1932 829 2015 μέλαιναι
851 1939 926 2020 νῆες
950 1930 1080 1998 ἕποντο.

234 2029 271 2101 οἳ
291 2034 327 2100 δέ
351 2035 460 2122 Φεράς
482 2034 634 2118 ἐνέμοντο
657 2034 763 2119 παραὶ
787 2031 957 2121 Βοιβηίδα
971 2030 1106 2121 λίμνην,

192 2133 318 2224 Βοίβην
340 2137 395 2202 καί
421 2143 449 2200 Γ
447 2136 595 2225 λαφάρας
617 2135 672 2201 καῖ
696 2133 886 2224 ἐυκτιμένην
904 2131 1071 2213 Ἰαωλκόν,

162 2314 169 2331 .
191 2239 256 2303 τῶν
276 2231 349 2325 ἦρχ’
371 2235 553 2325 Ἀδμήτοιο
574 2235 672 2327 φίλος
695 2237 778 2316 πάις
801 2235 916 2304 ἐνδεκα
938 2235 1035 2324 νηῶν,

191 2334 353 2425 Εόμηλος,
375 2339 430 2403 τόν
452 2335 514 2400 ὑπ’
539 2333 693 2423 Ἀδμήτῳ
715 2338 790 2402 τέκε
813 2342 869 2403 δῖα
890 2337 1052 2402 νυναικῶν

141 2457 180 2498 ιιι
191 2435 382 2526 Ἄλκηστις,
405 2435 532 2501 Πελίαο
555 2437 729 2521 θυτακρῶν
750 2439 860 2513 νεῖδος
882 2432 1007 2525 ἀρίστη.

237 2534 273 2606 οἳ
293 2535 325 2605 δ’
349 2533 412 2625 ἀρα
435 2537 609 2625 Μηθώνην
631 2535 688 2602 καὶ
714 2536 905 2624 Θαυμακίην
927 2536 1077 2621 ἐνέμοντο

195 2641 253 2707 καῖ
275 2637 466 2724 Μελίβοιαν
488 2635 560 2720 ἔχον
581 2638 638 2703 καὶ
659 2634 814 2718 Ὀλιζῶνα
835 2642 998 2728 τρηχεῖαν,

195 2744 258 2808 τῶν
280 2741 317 2808 δέ
341 2738 546 2828 Φιλοκτήτης
568 2731 675 2828 ήρχεν,
698 2738 801 2819 τόξων
823 2738 857 2805 ἐι)
879 2741 1014 2823 νειδώς,

195 2840 282 2909 ἑπτά
305 2843 396 2908 νεῶν
420 2839 530 2930 ἐρέται
553 2841 589 2907 δέ
610 2841 751 2930 νεκάστη
776 2842 990 2930 πεντήκοντα·

49 2946 51 2951 ’
144 2974 183 3013 τεο
197 2942 399 3030 ἐμβέβασαν,
422 2941 526 3023 τόξων
548 2941 583 3010 έδ
606 2942 754 3021 τειδότες
775 2937 832 3034 ἶφι
854 2944 1034 3028 μάχεσθαι.

197 3041 263 3112 ἀλλ’
288 3039 307 3112 ὃ
329 3044 388 3128 μὲν
409 3043 444 3111 ἐν
465 3042 553 3134 νήσῳ
577 3052 665 3113 κεῖτο
687 3041 817 3134 κρατέρ’
840 3040 941 3112 ἀλτεα
964 3046 1115 3131 πάσχων,

195 3147 327 3237 Λήμνῳ
349 3145 383 3213 ἐν
404 3142 546 3240 ήναθέη,
571 3146 633 3217 όθι
654 3175 711 3234 μιν
733 3144 834 3216 λίπον
855 3139 923 3228 υἷες
943 3144 1087 3232 Ἀχαιῶν

197 3248 285 3316 ἐλκει
306 3246 511 3331 μοχθίζοντα
533 3254 624 3340 κακῶ
647 3248 846 3343 ὀλοόφρονος
867 3249 976 3340 ὕδρου.

196 3346 269 3418 ἕνθ’
293 3347 313 3416 ό
334 3375 372 3416 τε
393 3347 473 3415 κεῖτ’
499 3348 614 3431 ἀχέειν·
637 3353 720 3434 τάχα
744 3355 780 3419 δέ
801 3353 990 3440 μνήσεσθαι
1012 3351 1145 3436 ἔμελλον

145 3479 183 3520 ιιι
197 3448 343 3540 Ἀρνεῖοι
366 3452 459 3540 παρὰ
481 3450 576 3540 νηυσὶ
599 3452 808 3539 Φιλοκτήταο
830 3452 1000 3532 νάνακτος.

197 3550 275 3621 οὐδὲ
295 3553 353 3639 μέν
376 3551 448 3621 οὐδ’
473 3548 510 3620 οἳ
529 3547 664 3641 ἀναρχοι
687 3548 774 3631 ἔσαν,
797 3550 930 3618 πόθεόν
950 3577 988 3618 τε
1009 3551 1069 3635 μὲν
1089 3549 1201 3637 ἀρχόν·

198 3652 281 3721 ἀλλά
303 3655 429 3724 Μέδων
451 3655 627 3743 κόσμησεν,
649 3650 776 3742 Ὀιλῆος
797 3651 902 3731 νόθος
916 3647 1001 3731 υῖός,

196 3756 254 3824 τόν
275 3753 306 3844 ρ’
330 3753 438 3824 ἔτεκεν
456 3753 548 3846 Ῥήνη
571 3752 632 3821 ὑπ’
652 3750 758 3843 Ὀιλήι
780 3752 1015 3843 πτολιπόρθῳ.

240 3853 278 3926 οἳ
297 3854 329 3924 δ’
353 3851 440 3941 εἶχον
466 3856 607 3946 Τρίκκην
628 3856 685 3923 καὶ
705 3852 847 3945 Ἰθώμην
868 3855 1136 3941 κλωμακόεσσαν,

143 3957 284 4030 κινοῖτ’
306 3956 380 4046 έχον
405 3957 561 4049 Οἰχαλίην
583 3960 684 4027 πόλιν
704 3955 849 4045 Εὐρίπου
875 3954 1068 4048 Οἰχαλιῆος,

197 4065 261 4130 τῶν
283 4055 365 4130 αὖθ’
387 4060 548 4153 ήνείσθην
570 4058 774 4150 Ἀσκληπιοῦ
796 4058 856 4127 δόο
879 4062 991 4144 παῖδε,

233 4306 281 4357 708
300 4300 371 4377 ἥρως
383 4305 579 4377 Πρωτεσίλαος
591 4301 699 4378 ἀρήιος·
716 4301 785 4356 οὐδέ
795 4321 820 4353 τι
834 4304 898 4354 λαοί

297 4386 413 4446 δεύονθ’
428 4386 577 4466 ἡνιμόνος,
591 4385 702 4444 πόθεόν
712 4406 744 4441 τε
756 4387 809 4458 μὲν
821 4385 925 4442 ἐσθλὸν
937 4385 1026 4444 ἐόντα,
