2872 5016
198 287 221 351 4

201 444 239 508 0.
284 437 449 522 παλίωξις
471 440 564 527 παρὰ
587 443 651 506 τῶν
670 442 757 508 νεῶν.
1230 463 1236 470 ·
1318 440 1356 498 15

266 578 336 639 Ζεὺς
347 578 472 647 έτερθελς
483 581 529 631 καλ
538 578 715 650 θεασόμενος
724 576 787 637 τοὺς
799 579 895 651 Τρῶας
904 578 1072 645 νικωμένους
1078 571 1152 649 Ἥρᾳ
1161 574 1301 645 έπιπλήσ·

299 680 354 725 σει,
369 665 414 714 καλ
425 653 496 734 Ἰριν
510 663 565 733 μὲν
581 666 689 736 πέμπει
707 662 779 736 πρὸς
794 662 971 724 Ποσειδῶνα,
989 658 1108 715 κελεύων
1123 658 1301 732 ἀφίστασθαι

298 750 348 800 τοῦ
365 750 502 819 πολέμου,
518 746 678 804 Ἀπόλλωνα
695 749 725 801 δὲ
744 745 820 808 ὅπως
832 745 981 819 ἀναρρώση
994 742 1176 817 τὸνἚκτορα,
1190 741 1220 806 ὃς
1232 744 1302 800 ἀνα-

298 831 390 903 λαβὼν
402 833 499 885 αλτίδα
516 834 580 893 τοὺς
591 829 719 899 ’Έλληνας
731 835 770 890 εἰς
782 829 876 902 φυτην
887 832 992 903 τρέπει.
1014 833 1151 903 καὶμέχρι
1164 833 1220 884 τῶν
1232 833 1302 884 νεῶν

299 918 530 987 συνδιωχθέντων
542 923 615 978 Δίας
627 917 642 970 ὁ
657 914 835 989 Τελαμώνιος
845 914 966 976 πολλοὺς
978 912 1086 990 ἀναιρεῖ
1094 919 1149 970 τῶν
1158 917 1302 988 πολεμίων

298 1001 363 1062 τοὺς
374 1008 433 1063 ταῖς
444 1005 525 1057 ναυσὶ
539 1006 596 1074 πῦρ
606 1004 800 1073 ἐπιφέροντας.

199 1131 242 1191 Π.
286 1120 504 1209 Πατρόκλοιο.
1319 1138 1358 1196 16

266 1241 419 1318 Πατρόκλῳ
437 1245 567 1311 δεηθέντι
579 1242 715 1313 Ἀχιλλεὺς
731 1244 875 1316 ἐπιτρέπει
888 1241 937 1310 τὴν
949 1244 1048 1296 ἑαυτοῦ
1062 1243 1223 1296 πανοπλίαν
1235 1237 1301 1295 ἀνα-

300 1333 393 1396 λαβεῖν
412 1331 458 1381 καὶ
470 1327 534 1387 τοὺς
546 1326 736 1400 Μυρμιδόνας
748 1327 856 1389 ἔξάτειν
868 1329 916 1381 ἐπὶ
929 1328 978 1383 τὸν
990 1326 1128 1400 πόλεμον·
1144 1329 1173 1381 οἳ
1185 1328 1216 1381 δὲ
1229 1328 1301 1389 έξελ-

300 1411 401 1472 θόντες
418 1413 539 1485 ἔτρεψαν
556 1411 620 1472 τοὺς
633 1417 737 1486 Τρῶας.
763 1409 926 1486 Πάτροκλος
937 1413 969 1466 δέ
981 1412 1156 1487 Σαρπηδόνα
1168 1413 1218 1468 τὸν
1230 1412 1301 1472 Διὸς

301 1495 422 1570 ἀναιρεῖ,
440 1497 491 1553 τὸν
506 1495 651 1572 παρήορον
668 1500 762 1553 λππον
777 1504 827 1552 τοῦ
847 1495 988 1568 Ἀχιλλέως
1004 1496 1138 1554 ἀνελόντα
1156 1496 1300 1569 Πήδασον.

300 1581 397 1636 ἔπειτα
415 1582 445 1635 δὲ
462 1577 735 1656 ΠάτροκλονἛκτωρ
751 1580 862 1655 ἀναιρεῖ
875 1587 1015 1649 πλητέντα
1028 1584 1167 1658 πρότερον
1179 1583 1235 1639 ὑπὸ
1249 1581 1303 1638 Εὑ-

300 1668 418 1743 φόρβου,
435 1665 608 1726 Ἀπόλλωνος
617 1663 793 1739 ἀπολομένου
805 1667 855 1736 τὴν
867 1672 1029 1723 πανοπλίαν
1041 1665 1133 1722 αὐτοῦ.

116 1830 121 1841 ·
200 1797 235 1858 P.
280 1789 455 1858 Μενελάου
471 1785 632 1875 ἀριστεία.
1319 1801 1357 1859 17

268 1915 333 1985 περὶ
353 1915 403 1965 τοῦ
420 1907 585 1985 Πατρόκλου
606 1907 736 1981 σώματος
756 1909 873 1986 κρατερὰ
893 1916 1054 1966 συνίσταται
1075 1909 1161 1983 μάχη,
1189 1910 1251 1963 καθ’
1269 1907 1303 1976 ἢν

301 1994 451 2071 Εὔφορβος
465 1996 519 2068 μέν
536 1991 690 2065 ἀναιρεῖται
702 1991 757 2047 ἀπὸ
772 1992 929 2057 Μενελάου,
939 1992 1041 2068 Ἕκτωρ
1055 1997 1085 2050 δὲ
1098 1994 1148 2065 τὴν
1162 1994 1304 2066 Ἀχιλλέως

301 2081 429 2138 ἐνδύεται
442 2082 604 2136 πανοπλίαν
615 2083 660 2132 καὶ
673 2076 840 2134 ἀνθίσταται
853 2075 1053 2147 τοῐςἝλλησιν.
1079 2085 1108 2133 οἱ
1119 2082 1149 2134 δὲ
1162 2083 1227 2154 περὶ
1240 2087 1302 2135 Με-

301 2171 400 2224 νέλαον
424 2166 582 2235 Ἀντίλοχον
602 2165 814 2236 διαπέμπονται
836 2163 908 2234 πρὸς
927 2160 1050 2232 Ἀχιλλέα
1071 2163 1120 2218 τὸν
1139 2162 1303 2235 Πατρόκλου

301 2251 427 2306 θάνατον
446 2248 629 2310 ἀττελοῦντα,
652 2247 807 2306 ὑποδύντες
828 2248 859 2299 δὲ
879 2251 925 2300 καλ
943 2244 1080 2318 ἀράμενοι
1097 2249 1128 2302 τὸ
1147 2253 1228 2319 σῶμα
1245 2255 1304 2308 τοῖς

302 2330 390 2406 ὤμοις
402 2335 549 2405 ἐκφέρουσι
564 2337 611 2400 τῆς
621 2333 721 2403 μάχης.
745 2336 774 2384 οἱ
786 2333 816 2385 δὲ
829 2335 949 2390 Αἴαντες
958 2335 1139 2404 προμαχοῡσι
1149 2339 1193 2387 καλ
1205 2331 1303 2408 ἀπείρ-

300 2435 384 2472 τουσι
396 2418 461 2476 τοὺς
473 2420 631 2485 πολεμίους.

201 2545 236 2605 Σ.
282 2533 478 2606 ὁπλοποιία.
1320 2557 1358 2618 18

270 2657 406 2730 Ἀχιλλεὺς
418 2659 467 2712 τὸν
479 2654 645 2730 Πατρόκλου
657 2653 783 2710 θάνατον
795 2657 929 2717 ίπιτνοὺς
941 2655 1078 2731 ὀδύρεται,
1102 2656 1260 2716 ἀνελθοῦσα
1273 2663 1304 2716 δὲ

302 2741 318 2811 ἡ
334 2747 414 2802 Θέτις
426 2745 456 2798 ἐκ
468 2746 515 2810 τῆς
527 2738 672 2806 θαλάσσης
680 2746 839 2813 παρητορεῖ
845 2737 937 2807 αὐτόν,
950 2747 996 2797 καλ
1006 2751 1139 2819 παραινεῖ
1146 2742 1304 2818 ἀπέχεσθαι

303 2832 353 2882 τοῦ
372 2831 498 2899 πολέμου
515 2827 563 2886 ἕως
579 2824 614 2880 ἀν
630 2822 704 2894 αὐτῷ
716 2821 791 2879 ὅπλα
803 2832 907 2900 κομίσῃ
920 2829 996 2902 παρὰ
1008 2834 1058 2884 τοῦ
1068 2831 1234 2902 Ἡφαίστου.
1259 2851 1304 2886 κε-

302 2911 439 2980 λευσάσης
456 2912 487 2965 δὲ
499 2908 587 2983 Ἥρας
603 2906 710 2970 ἀοπλος
722 2910 871 2985 προελθών
882 2913 930 2966 ἐπὶ
942 2914 992 2982 τὴν
1003 2914 1114 2989 τάφρον
1125 2919 1302 2988 ἐπιφαίνεται

302 3004 362 3057 τοῖς
380 3000 539 3068 πολεμίοις,
562 2999 608 3048 καὶ
621 2992 706 3049 αὐτὸν
722 2997 904 3058 έκπλατέντες
919 2999 1088 3071 φεύτουσιν,
1106 3006 1151 3056 καὶ
1168 3001 1238 3057 κατὰ
1254 3001 1305 3071 τὴν

301 3080 395 3154 φυτὴν
412 3084 513 3135 πολλοὶ
526 3081 750 3155 διαφθείρονται.
776 3081 807 3136 τὸ
821 3083 852 3137 δὲ
864 3087 914 3136 τοῦ
928 3086 1093 3160 Πατρόκλου
1106 3091 1189 3160 σῶμα
1201 3087 1306 3143 διασώ-

302 3184 400 3228 σαντες
410 3171 440 3221 ολ
449 3164 635 3240 Μυρμιδόνες
644 3165 785 3223 λούουσιν.
807 3163 964 3239 Ἥφαιστος
973 3172 1004 3226 δὲ
1014 3169 1135 3244 Ἀχιλλεῖ
1142 3177 1305 3228 πανοπλίαν

301 3250 505 3314 κατασκευάζει.

207 3380 242 3439 Τ.
286 3371 423 3460 μήνιδος
438 3367 630 3461 ἀπόρρησις.
1321 3391 1359 3452 19

272 3493 389 3552 Θέτιδος
404 3489 562 3563 κομισάσης
576 3490 695 3562 Ἀχιλλεῖ
708 3492 741 3545 τά
760 3490 834 3546 ὅπλα
852 3495 927 3568 παρά
943 3496 1113 3568 Ἡφαίστου,
1138 3501 1305 3556 συνατατὼν

302 3581 340 3638 είς
356 3579 503 3643 ἐκκλησίαν
519 3577 583 3637 τοὺς
596 3573 727 3644 Ἓλληνας
745 3578 760 3631 ὁ
773 3575 845 3653 ἥρως
857 3577 1018 3656 ἀπόρρησιν
1030 3591 1154 3637 ποιεῖται
1166 3590 1214 3652 τῆς
1224 3586 1305 3659 μήνι-
1339 3632 1343 3638 ,

300 3664 364 3727 δος,
383 3666 428 3715 καὶ
446 3661 582 3732 λαμβάνει
599 3661 632 3715 τά
652 3663 729 3737 δῶρα
746 3659 818 3737 ὅπερ
840 3663 915 3735 αὐτῷ
931 3664 1113 3740 Ἀταμέμνων
1129 3667 1233 3727 δώσειν
1251 3674 1303 3727 ὑπ-

301 3751 407 3817 έσχετο.
438 3745 549 3819 τροφὴν
571 3747 602 3800 δὲ
622 3744 799 3818 ἀνελομένων
815 3751 928 3804 ἐκείνων
944 3749 1028 3812 αὐτὸς
1044 3749 1142 3814 ἄσιτος
1159 3755 1305 3830 διαμείνας

302 3831 443 3894 ὁπλίζεται
459 3836 504 3885 καὶ
522 3830 654 3904 στρατιάν
671 3829 760 3892 έξάτει
780 3834 828 3887 έπλ
845 3832 895 3888 τὸν
913 3833 1049 3907 πόλεμον.
1075 3837 1135 3894 ὁδλ
1147 3840 1239 3915 ἕτερος
1250 3846 1306 3896 τῶν

300 3918 399 3970 ἵππων
416 3913 502 3969 αὐτοῦ
517 3913 631 3977 Ξάνθος
648 3914 698 3984 τὴν
709 3919 849 3990 ἐσομένην
860 3916 934 3989 αὐτῷ
946 3916 1090 3995 ἀναίρεσιν
1102 3928 1304 3999 καταμαντεύε-

302 4020 354 4065 ται,
369 3989 574 4072 ᾦέπιπλήττει.

206 4127 239 4186 Y.
282 4118 461 4205 θεομαχία.
1318 4149 1359 4211 20

268 4241 338 4300 Διὸς
359 4242 563 4316 ἐπιτρέψαντος
578 4247 758 4320 κατέρχονται
773 4244 964 4315 βοηθήσοντες
981 4252 1010 4304 ολ
1025 4256 1090 4306 θεολ
1108 4253 1222 4318 πάντες,
1244 4260 1304 4314 τοῖς

298 4327 352 4396 μίν
366 4322 498 4395 Ἕλλησιν
509 4326 582 4403 Ἦρα
595 4348 625 4384 τε
642 4334 687 4384 καλ
698 4330 802 4398 Ἀθηνᾶ
813 4335 860 4385 καλ
871 4335 1021 4391 Ποσειδῶν
1033 4342 1079 4390 καὶ
1086 4335 1245 4408 Ἥφαιστος
1257 4343 1302 4392 καλ

296 4412 405 4487 Ἑρμῆς,
424 4421 483 4475 τοῖς
497 4415 528 4468 δὲ
543 4418 655 4489 Τρωσὶν
667 4413 820 4488 Ἀφροδίτη
832 4421 878 4471 καλ
892 4415 1042 4485 Ἀπόλλων,
1057 4422 1095 4475 ἔτι
1110 4422 1140 4475 δὲ
1154 4426 1198 4475 καλ
1213 4418 1302 4496 Ἀρτε-
