2872 5016
189 311 256 376 394
588 313 633 360 ιι.
665 298 888 361 mmmm

190 460 308 549 ἀνδρὸς
328 459 556 552 παιδοφόνοιο
578 462 659 530 ποτὶ
681 460 789 547 στόμα
808 457 889 548 χεῖρ’
914 457 1118 550 όρέτεσθαι.”

217 556 278 644 ώς
298 564 401 654 φάτο,
423 565 471 650 τῷ
494 559 524 629 δ’
548 558 613 650 άρα
634 564 761 650 πατρὸς
781 558 842 652 ὑφ’
863 565 976 652 ίμερον
998 556 1082 653 ώρσε
1102 564 1214 632 τόοιο·

190 663 362 753 ἁψάμενος
384 662 414 731 δ’
438 661 503 749 άρα
523 665 632 753 χειρδς
655 661 817 731 ἀπώσατο
836 665 922 753 τῆκα
941 666 1085 752 τέροντα.

189 768 236 834 τώ
258 768 296 836 δέ
315 765 509 855 μνησαμένω
531 759 554 832 δ’
571 764 630 848 μὲν
642 761 798 850 Ἕκτορος
818 761 1039 855 ἀνδροφόνοιο

138 895 177 936 ειο
190 864 278 935 κλαῖ’
301 866 414 949 άδινά,
438 866 656 955 προπάροιθε
675 866 792 933 ποδῶν
811 862 966 955 Ἀχιλῆος
986 865 1152 950 ἐλυσθείς,

192 965 295 1057 αύτάρ
318 965 485 1052 Ἀχιλλεύς
505 968 598 1033 κλαῖε
618 967 695 1034 τεάν
716 963 843 1056 πατέρ’,
866 963 980 1035 άλλοτε
1002 965 1036 1034 δ’
1059 962 1136 1036 αύτε

190 1069 391 1156 Πάτροκλον·
413 1070 479 1135 τῶν
500 1067 537 1135 δέ
557 1067 695 1155 στοναχὴ
718 1068 803 1133 κατά
824 1065 950 1151 δώματ’
974 1064 1119 1158 ἀρώρειν.

192 1167 293 1258 αύτάρ
315 1168 392 1238 ἐπεί
413 1176 455 1260 ῥα
475 1170 571 1239 τόοιο
592 1168 774 1258 τετάρπετο
795 1169 867 1248 δῖος
887 1165 1068 1252 Ἀχιλλεύς,

137 1295 178 1337 ιιε
194 1268 298 1338 αὐτίκ’
323 1268 394 1339 ἀπδ
415 1271 539 1358 θρόνου
562 1264 661 1356 ὦρτο,
683 1270 819 1357 τέροντα
842 1268 880 1336 δέ
899 1273 1010 1357 χειρὸς
1031 1268 1159 1362 ἀνίστη,

192 1369 360 1461 οἰκτείρων
381 1370 499 1439 πολιόν
519 1397 557 1439 τε
576 1370 657 1460 κάρη
681 1367 801 1437 πολιόν
820 1394 856 1436 τε
876 1369 1013 1454 τένειον,

191 1472 250 1540 καί
269 1500 328 1558 μιν
349 1473 503 1564 φωνήσας
523 1473 629 1542 τέπεα
650 1471 830 1557 πτερόεντα
850 1473 1034 1563 προσηύδα.

186 1567 234 1640 “ἀ
256 1570 349 1655 δείλ’,
373 1567 394 1662 ἦ
417 1575 456 1662 δῆ
479 1575 587 1641 πολλά
607 1569 684 1640 κάκ’
706 1568 822 1654 άνσχεο
843 1573 901 1640 σδν
922 1577 1007 1641 κατά
1028 1575 1148 1661 θυμόν.

190 1677 264 1755 πῶς
282 1671 378 1763 ,ἔτλης
399 1672 459 1741 ἐπὶ
480 1674 559 1762 νῆας
580 1670 725 1757 Ἀχαιῶν
746 1672 886 1760 ἐλθέμεν
908 1669 992 1758 ολος,

137 1804 177 1846 σεο
191 1772 308 1865 ἀνδρὸς
328 1775 362 1856 ἐς
384 1774 581 1866 ὀφθαλμούς
603 1773 641 1856 ὃς
660 1799 715 1843 τοι
736 1776 860 1857 πολέας
880 1802 917 1844 τε
937 1777 996 1844 καί
1017 1775 1159 1857 ἐσθλούς

191 1873 282 1956 υίέας
302 1875 485 1964 ἐξενάριξα·
508 1876 678 1966 σιδήρειόν
698 1876 734 1945 νύ
755 1902 810 1945 τοι
831 1870 919 1967 ἦτορ.
1089 1945 1091 1948 ,

192 1975 259 2046 ἀλλ’
283 1974 342 2045 άτε
364 1978 403 2067 δῆ
425 1975 498 2045 κατ’
519 1974 572 2068 ἀρ’
596 1977 666 2061 ἕζευ
688 1977 749 2047 ἐπὶ
770 1979 907 2068 θρόνου,
930 1975 1031 2048 άλτεα
1054 1978 1086 2048 δ’
1109 1978 1219 2073 ἔμπης

192 2079 226 2146 ἐν
247 2080 348 2167 θυμῷ
369 2083 593 2148 κατακεῖσθαι
614 2083 768 2170 ἐάσομεν,
791 2080 965 2170 ἀχνύμενοί
985 2106 1062 2173 περ·

194 2177 231 2247 ού
252 2180 316 2271 τάρ
336 2206 390 2261 τις
411 2182 532 2271 πρῆξις
553 2182 691 2252 πέλεται
712 2190 861 2274 κρυεροῖο
882 2185 988 2255 τόοιο.

139 2309 179 2350 ιεε
193 2275 238 2363 ῶς
257 2284 320 2373 τδρ
342 2283 571 2352 ἐπεκλώσαντο
593 2287 674 2355 θεοὶ
696 2288 837 2356 δειλοῖσι
858 2292 1040 2374 βροτοῖσιν,

194 2384 288 2467 ζώειν
310 2382 515 2471 ἀχνυμένοις·
538 2383 634 2454 αύτοὶ
657 2387 695 2455 δέ
713 2383 745 2453 τ’
770 2384 907 2476 ἀκηδέες
927 2385 1019 2458 εἰσίν.

192 2487 283 2554 δοιοὶ
303 2486 366 2574 τάρ
386 2512 424 2554 τε
443 2486 550 2555 πίθοι
572 2484 790 2555 κατακείαται
811 2487 846 2554 ἐν
866 2487 952 2566 Διδς
972 2483 1065 2553 ούδει

192 2587 304 2676 δώρων
326 2579 382 2654 οἷα
404 2584 537 2670 δίδωσι,
560 2591 682 2671 κακῶν,
706 2587 817 2678 έτερος
838 2587 875 2655 δὲ
896 2586 989 2654 δαίων.

193 2679 221 2777 ᾧ
242 2687 300 2772 μέν
320 2683 352 2754 κ’
375 2685 521 2772 ἀμμίξας
542 2688 611 2777 δώῃ
635 2689 718 2768 Ζεύς
737 2687 1003 2777 τερπικέραυνος,

139 2822 178 2863 530
193 2787 309 2856 άλλοτε
329 2785 388 2874 μέν
408 2812 446 2854 τε
465 2796 560 2876 κακῷ
582 2789 601 2858 δ’
622 2814 661 2857 τε
681 2789 813 2879 κύρεται
835 2786 953 2857 άλλατε
974 2785 1006 2855 δ’
1029 2787 1157 2875 ἐσθλῷ·

194 2881 222 2977 ᾦ
243 2889 281 2957 δέ
300 2914 338 2956 κε
358 2896 424 2956 τῶν
444 2891 569 2981 λυτρῶν
591 2889 674 2982 δώη,
697 2892 846 2980 λωβητδν
867 2887 989 2981 έθηκεν

191 2987 249 3058 καί
269 3015 307 3058 τε
328 2992 411 3081 κακῆ
434 2990 639 3082 βούβρωστις
660 2989 720 3060 ἐπὶ
739 2992 849 3078 χθόνα
872 2994 947 3060 δῖαν
967 2990 1109 3073 ἐλαύνει,

192 3095 296 3186 φοιτᾷ
319 3088 349 3159 δ’
373 3088 447 3161 ούτε
467 3097 583 3162 θεοῖσι
603 3094 771 3180 τετιμένος
793 3090 868 3161 ούτε
889 3100 1066 3184 βρατοῖσιν.

193 3188 238 3276 ώς
256 3189 318 3282 ’μὲν
339 3195 397 3261 καὶ
418 3196 530 3284 Πηλῆι
552 3196 631 3264 θεοὶ
654 3195 756 3265 δόσαν
779 3193 885 3264 ἀτλαά
907 3198 997 3284 δῶρα

140 3328 178 3368 5³5
193 3297 229 3366 έκ
251 3299 395 3385 τενετῆς·
417 3296 546 3378 πάντας
564 3299 629 3387 τάρ
651 3297 708 3365 ἐπ’
732 3294 933 3388 ἀνθρώπους
953 3296 1112 3366 ἐκέκαστο

194 3397 283 3488 όλβῳ
305 3424 341 3466 τε
362 3397 496 3487 πλούτῳ
516 3423 567 3481 τε,
589 3396 733 3467 τάνυσσε
756 3400 793 3466 δὲ
814 3398 1101 3485 Μυρμιδόνεσσιν,

193 3501 251 3570 καί
271 3524 328 3568 τοι
348 3502 463 3589 θνητῷ
484 3498 572 3567 ἐόντι
592 3501 678 3568 θεάν
699 3496 844 3588 ποίησαν
865 3495 1004 3567 ι’ίκοιτιν.

195 3599 269 3669 ἀλλ’
291 3600 351 3668 ἐπὶ
372 3601 500 3688 καὶτῷ
520 3602 607 3690 θῆκε
628 3602 710 3682 θεδς
730 3601 844 3683 κακόν,
869 3598 939 3668 ὅττι
960 3625 1018 3668 τοι
1039 3597 1078 3668 ού
1098 3625 1133 3666 τι

195 3701 328 3771 παίδων
349 3700 383 3769 ἐν
402 3701 579 3790 μετάρσιοι
600 3705 677 3792 τονῆ
699 3703 809 3771 τένετο
830 3700 1017 3789 κρειόντων,

141 3835 182 3874 ιω
197 3801 270 3873 ἀλλ’
293 3802 350 3871 ἕνα
370 3800 468 3872 παῖδ’
491 3801 597 3872 ἔτεκεν
618 3803 824 3892 παναώριον·
847 3799 925 3871 ούδέ
946 3827 982 3869 νυ
1003 3801 1060 3872 τόν
1079 3827 1118 3869 τε

194 3905 401 3998 τηράσκοντα
421 3903 558 3992 κομίζω,
582 3904 658 3974 ἐπεὶ
680 3905 770 3990 μάλα
790 3902 915 3996 τηλόθι
936 3903 1065 3995 πάτρης

196 4003 279 4100 ἧμαι
301 4008 349 4077 ἐνὶ
376 4005 493 4098 Τροίη,
517 4006 555 4075 σέ
576 4033 613 4075 τε
634 4007 742 4097 κήδων
763 4003 823 4097 ῆδέ
844 4005 888 4073 σά
910 4003 1015 4072 τέκνα.

196 4113 254 4178 καὶ
277 4109 325 4192 σε’,
347 4107 455 4201 τέρον,
477 4111 516 4177 τδ
538 4111 619 4200 πρὶν
639 4110 699 4195 μέν
720 4106 879 4194 ἀκούομεν
901 4103 1016 4194 όλβιον
1037 4101 1139 4177 εἶναι·

197 4213 297 4281 ὅσσον
318 4212 453 4298 Λέσβος
475 4208 556 4294 άνω,
577 4211 745 4302 Μάκαρος
767 4209 857 4290 έδος,
880 4208 970 4290 ἐντὸς
991 4208 1118 4296 ἐτέρτει

202 4367 315 4375 -ω-

231 4437 282 4489 514
298 4439 410 4490 καίτοι
427 4431 484 4489 ἀνιδ
503 4433 656 4508 πραπίδων
672 4429 739 4503 ἦλθ’
760 4436 856 4507 ἵμερος
872 4429 919 4502 ἠδ’
938 4426 997 4485 ἀπὸ
1014 4435 1115 4494 τυίων,
1179 4431 1184 4436 “
