2872 5016
330 1229 593 1326 οιιιινλολι
621 1230 704 1324 ιιι
734 1228 1027 1327 ιιιοοουιιυ.

130 1725 179 1786 A.
223 1719 349 1804 λοιμός.
383 1728 488 1810 μῆνις.
1251 1739 1264 1800 1

199 1838 313 1914 Χρύσης
334 1841 422 1912 ἱερεὺς
442 1843 491 1894 τοῦ
511 1838 685 1901 Ἀπόλλωνος
705 1847 890 1913 παρατίνεται
910 1841 958 1894 ἐπὶ
978 1839 1028 1896 τὸν
1047 1840 1234 1914 ναύσταθμον

230 1928 286 1979 τῶν
298 1923 433 1993 Ἑλλήνων
447 1924 615 1997 βουλόμενος
630 1922 826 1997 λυτρώσασθαι
840 1924 890 1994 τὴν
900 1928 1042 1998 θυτατέρα
1055 1923 1142 1979 αὑτοῦ
1155 1933 1232 1997 Χρυ-

231 2010 324 2075 σηίδα.
349 2007 399 2063 ούκ
416 2008 565 2080 άπολαβών
582 2010 613 2064 δέ
630 2008 698 2063 ἀλλὰ
715 2013 761 2063 καλ
776 2006 841 2081 μεθ’
861 2005 964 2082 ὕβρεως
980 2007 1172 2080 άποδιωχθελς
1188 2006 1235 2077 ηύ-

231 2097 296 2155 ξατο
313 2096 351 2164 τῷ
365 2091 518 2150 Ἀπόλλωνι
534 2095 602 2149 κατὰ
619 2099 675 2150 τῶν
687 2093 831 2161 Ἑλλήνων.
856 2097 957 2166 λοιμοῦ
974 2094 1005 2147 δέ
1021 2096 1176 2166 τενομένου
1187 2096 1233 2146 καλ

231 2180 343 2233 πολλῶν
364 2177 401 2239 ὠς
417 2177 489 2239 εἰκὸς
506 2179 754 2252 διαφθειρομένων
769 2179 914 2244 ἐκκλησίαν
934 2176 1069 2248 Ἀχιλλεύς
1086 2176 1232 2247 συνητατε.

232 2260 395 2332 Κάλχαντος
416 2264 447 2317 δὲ
468 2262 697 2337 διασαφήσαντας
717 2261 767 2332 τὴν
787 2259 878 2329 ἀληθῆ
899 2265 1004 2330 αἰτίαν,
1026 2265 1071 2316 καλ
1087 2260 1233 2318 κελεύσαν-

232 2365 279 2406 τος
292 2344 435 2417 Ἀχιλλέως
451 2349 645 2411 ἐξιλάσκεσθαι
662 2348 711 2403 τὸν
727 2345 810 2415 θεόν,
826 2344 1005 2418 Ἀταμέμνων
1017 2344 1162 2419 ὀρτισθελς
1172 2347 1234 2416 διη-

231 2435 318 2501 νέχθη
341 2431 413 2507 πρὸς
428 2433 478 2488 τὸν
491 2431 614 2505 Ἀχιλλέα
630 2437 676 2487 καὶ
693 2431 777 2486 αὐτοῦ
794 2431 824 2486 τὸ
842 2436 926 2503 τέρας
941 2429 1092 2486 ἀπέσπασε
1104 2430 1153 2499 τὴν
1164 2437 1235 2502 Βρι-

233 2517 324 2584 σηίδα.
350 2513 365 2571 ὃ
383 2517 414 2573 δέ
431 2515 569 2590 ὀρτίζεται
585 2525 644 2579 τοῖς
658 2515 778 2585 Ἕλλησι.
806 2520 885 2577 Θέτις
903 2517 934 2572 δὲ
951 2520 1000 2571 τοῦ
1012 2519 1075 2570 υἱοῦ
1087 2516 1237 2584 δεηθέντος

233 2604 272 2661 εές
292 2598 441 2675 Ὄλυμπον
465 2601 624 2659 ἀνελθοῦσα
649 2599 768 2676 ᾐτήσατο
794 2601 871 2675 παρὰ
901 2605 949 2655 τοῦ
976 2600 1046 2661 Διὸς
1070 2597 1149 2661 ὅπως
1173 2599 1237 2661 τούς

235 2690 333 2759 Τρῶας
352 2688 598 2762 ἐπικρατεστέρους
617 2693 673 2745 τῶν
690 2685 826 2756 Ἑλλήνων
847 2685 960 2760 ποιηση.
984 2683 1057 2760 Ἦρα
1079 2686 1111 2740 δέ
1126 2689 1235 2742 τνοῦσα

233 2772 367 2843 διηνέχθη
385 2772 458 2846 πρὸς
477 2772 524 2829 τὸν
539 2780 609 2840 Δία,
626 2774 677 2834 ἕως
692 2770 792 2832 αὐτοὺς
809 2773 935 2827 διέλυσεν
950 2768 1108 2844 Ἥφαιστος
1124 2766 1235 2841 οένοχο-

232 2853 301 2926 ήσας
316 2857 346 2911 ἐν
362 2857 509 2932 ἐκπώματι
520 2862 628 2931 χρυσῷ.
658 2859 688 2911 οἳ
706 2855 779 2913 δὲτὸ
794 2857 894 2912 λοιπὸν
905 2859 953 2925 τῆς
964 2853 1069 2930 ἡμέρας
1080 2852 1235 2927 εὐωχηθέν-

232 2959 276 2999 τες
288 2943 326 3000 είς
338 2936 428 2998 ὕπνον
438 2946 599 3017 τρέπονται.

135 3067 174 3127 Β.
220 3056 355 3151 ύνειρος.
395 3061 567 3151 διάπειρα.
613 3062 782 3130 Βοιώτεια
802 3055 825 3149 ἢ
846 3058 1026 3139 κατύλοτος
1047 3066 1134 3127 νεῶν.
1250 3074 1270 3135 2

201 3179 270 3240 Ζεὺς
286 3176 396 3254 ὄνειρον
412 3182 580 3253 ἐπιπέμψας
597 3179 784 3252 Ἀγαμέμνονι
800 3174 1016 3251 παρακελεύεται
1033 3177 1097 3239 τοὺς
1108 3175 1239 3248 Ἕλληνας

234 3264 341 3327 ἐξάτειν
358 3265 406 3318 ἐπὶ
423 3265 473 3319 τὸν
488 3263 621 3335 πόλεμον.
648 3261 662 3318 ὃ
680 3265 711 3319 δὲ
729 3262 866 3338 πρότερον
881 3265 935 3335 μέν
951 3264 1097 3340 συνέδριον
1109 3268 1164 3321 τῶν
1175 3261 1237 3340 άρί-

235 3363 319 3417 στων,
338 3349 435 3404 ἔπειτα
452 3349 483 3404 δὲ
500 3349 646 3417 ἐκκλησίαν
663 3346 854 3422 ποιησάμενος
870 3349 1062 3423 ἁποπειρᾶται
1078 3346 1170 3405 αὐτῶν
1181 3370 1237 3406 πα-

234 3429 468 3505 ρακελευσάμενος
479 3431 594 3506 φεύτειν
603 3438 642 3494 εές
651 3432 698 3494 τὰς
707 3436 852 3505 πατρίδας.
873 3440 981 3507 κατέχει
991 3437 1022 3491 δὲ
1031 3433 1131 3496 αύτούς
1138 3434 1238 3492 Ὀδυσ-

234 3516 298 3578 σεὺς
308 3515 427 3588 Ἀθηνᾶς
438 3526 561 3595 προνοίη
573 3523 618 3574 καλ
630 3526 746 3594 Νέστωρ
758 3519 963 3595 δημηιορήοας.
985 3522 1043 3577 εἶτα
1055 3519 1162 3596 τροφὴν
1174 3519 1237 3578 άνε-

233 3602 347 3678 λόμενοι
363 3605 554 3670 ἐξοπλίζονται
571 3604 654 3661 αύτοί
664 3625 694 3662 τε
709 3609 755 3660 καλ
772 3611 799 3660 οἱ
818 3605 956 3680 ητεμόνες.
981 3605 1088 3680 ὁμοίως
1103 3608 1134 3661 δέ
1153 3609 1198 3661 καλ
1211 3608 1240 3661 ολ

235 3695 328 3762 Τρῶες
339 3686 443 3765 ’Ἰριδος
454 3689 549 3752 αύτοῖς
560 3688 776 3763 άπαντειλάσης.
801 3691 956 3750 κατάλοτον
965 3694 995 3750 δέ
1006 3690 1148 3762 ὁποιητὴς
1158 3693 1238 3748 ἐποί-

233 3790 283 3843 ησε
295 3781 350 3831 τῶν
362 3775 575 3850 στρατευμάτων
587 3781 633 3832 καὶ
645 3782 701 3833 τῶν
711 3782 790 3833 νεῶν.

135 3898 169 3958 Γ.
215 3891 316 3979 ὅρκοι.
360 3895 588 3980 τειχοσκοπία.
616 3899 768 3986 Πάριδος
782 3897 839 3965 καὶ
855 3896 1028 3965 Μενελάου
1043 3894 1237 3984 μονομαχία.
1254 3903 1273 3965 3

203 4011 384 4088 Ἀλεξάνδρου
395 4023 644 4093 προκαλεσαμένου
653 4024 801 4075 Μενέλαον
813 4022 853 4080 είς
863 4025 1045 4092 μονομαχίαν
1056 4019 1104 4074 ἐπλ
1114 4016 1239 4073 διαλύσει

233 4104 289 4156 τῶν
306 4098 378 4157 ὅλων
394 4098 474 4176 ὅρκοι
488 4111 615 4161 τίνυνται
623 4147 630 4175 ,
647 4101 689 4177 ἐφ’
710 4094 733 4175 ᾧ
745 4103 794 4158 τὸν
806 4103 955 4173 νικήσαντα
966 4103 1016 4173 τὴν
1025 4102 1135 4172 Ἑλένην
1146 4107 1241 4173 λαβεῖν

232 4183 329 4240 καὶτὰ
343 4183 476 4259 χρήματα
492 4187 582 4259 αὐτῆς.
608 4187 761 4258 ἡττηθέντα
778 4189 809 4244 δέ
825 4185 1006 4260 Ἀλέξανδρον
1021 4185 1171 4263 Ἀφροδίτη
1188 4186 1240 4260 ἁρ-

233 4270 315 4336 πάζει
332 4271 379 4326 καὶ
402 4276 442 4332 εές
457 4273 507 4331 τὸν
525 4275 601 4330 ἐδιον
616 4271 749 4346 θάλαμον
764 4271 954 4328 άπατιιτοῦσα
969 4277 1161 4346 μετακαλεῖται
1180 4269 1239 4326 άπο

233 4363 281 4412 τοῦ
291 4363 399 4431 τείχους
408 4357 457 4427 τὴν
466 4357 584 4428 Ἑλένην.
607 4361 636 4413 οἳ
645 4360 675 4415 δὲ
687 4358 971 4432 συνομιλήσαντεςείς
979 4355 1071 4416 ύπνον
1079 4360 1240 4433 τρέπονται.

1024 4453 1037 4499 l
