2872 5016
604 255 628 302 2.
667 250 847 304 ΙΛΙΔΔΟΣ
866 254 886 302 Β

194 405 229 473 ἐκ
248 402 359 473 Ῥόδου
381 404 473 472 ἐννέα
499 407 578 494 νῆας
599 401 675 472 δίνεν
693 403 825 473 Ῥοδίων
847 403 1029 494 ἀνερώχων,

140 537 181 578 σεε
196 504 232 572 οἳ
246 503 358 574 Ῥόδον
380 503 604 595 ἀμφενέμοντο
627 507 683 573 διά
704 503 799 595 τρίχα
820 505 1057 596 κοσμηθέντες,

192 606 322 675 Λίνδον
341 603 483 697 Ἰηλυσόν
503 633 540 675 τε
561 606 833 695 καίάρνινάεντα
854 608 1032 696 Κάμειρον.

191 712 254 774 τῶν
275 709 334 793 μὲν
360 709 576 798 Τληπόλεμος
598 712 809 797 δουρικλυτός
830 708 1035 799 ήνεμόνευεν,

193 806 230 874 ὃν
251 809 325 876 τέκε
346 810 550 894 Κάστυόχεια
571 809 628 901 βίῃ
647 809 860 902 Ἡρακληείῃ,

193 912 250 998 τήν
271 907 361 980 δίεπ’
383 911 420 992 ἐξ
436 909 591 1000 Ἐφύρης,
615 916 769 997 ποταμοῦ
792 911 861 980 άπο
882 912 1089 1000 Σελλήεντος,

140 1042 180 1081 σεο
194 1012 319 1101 πέρσας
339 1013 463 1080 τάστεα
484 1013 593 1078 πολλοὶ
616 1014 814 1103 διοτρεφέων
837 1012 968 1102 αἰζηῶν.

197 1112 411 1202 Τληπόλεμος
432 1111 464 1181 δ’
486 1113 567 1181 ἐπεί
586 1106 643 1181 σύν
664 1111 763 1204 τράφ’
787 1114 834 1181 ἐνὶ
857 1113 989 1203 μετάρφ
1012 1114 1180 1202 ἐοπήκτηι,

193 1212 312 1282 αότίκα
334 1217 459 1303 πατρός
480 1214 571 1284 &solo
592 1215 691 1306 φίλον
711 1217 847 1306 μήτρωα
869 1217 1026 1298 κατέκτα,

192 1318 255 1405 ηδη
277 1317 496 1407 νηράσκοντα,
519 1318 710 1403 Λικύμνιον
732 1314 804 1398 όζον
815 1314 944 1408 Ἄρηος.

195 1412 284 1508 αἶψα
306 1419 343 1486 δὲ
363 1421 444 1507 νῆας
465 1416 581 1509 ἔπηξε,
606 1421 711 1487 πολύν
734 1416 766 1486 δ’
791 1419 809 1488 ὅ
830 1445 867 1486 τε
888 1421 967 1488 λαόν
989 1417 1123 1507 ἀνείρας

141 1539 180 1581 εει
193 1523 236 1608 μή
258 1520 387 1611 φεύνων
408 1520 469 1588 ἐπὶ
490 1521 626 1588 πόντον·
650 1517 833 1609 ἀπείλησαν
853 1522 914 1610 νάρ
937 1518 968 1588 οί
993 1518 1088 1588 άλλοι

194 1619 278 1702 υίέες
298 1620 412 1689 ολωνοί
431 1647 467 1688 τε
489 1620 565 1711 βίης
583 1618 806 1712 Ἡρακληείης.

194 1721 296 1812 αύτδρ
320 1721 338 1791 ό
359 1721 390 1789 f'
414 1724 448 1803 ές
465 1721 575 1791 Ῥόδον
597 1716 663 1804 ἷξεν
685 1721 865 1808 ἀλώμενος,
889 1722 990 1793 άλνεα
1013 1725 1163 1808 πάσχειν·

192 1826 316 1913 τριχθά
339 1826 377 1892 δὲ
398 1823 552 1912 τηίκηθεν
574 1826 820 1914 καταφυλαδόν,
843 1823 903 1914 ήδὲ
925 1826 1068 1915 φίληθεν

194 1925 230 1992 έκ
253 1925 351 2005 Διός,
376 1924 413 2003 ὅς
433 1949 470 1990 τε
490 1930 605 1991 θεοῖσι
627 1926 685 1991 καὶ
708 1923 923 2014 ἀνθρώποισι
946 1928 1111 1995 νανάσσει.

142 2045 181 2084 αι
238 2026 358 2111 Νιρεύς
380 2017 421 2091 αὖ
441 2023 595 2114 Σύμηθεν
617 2021 695 2093 ἀνεν
715 2034 802 2116 τρεῖς
822 2036 902 2118 νήας
923 2027 1049 2108 ἑνίσας,

194 2127 315 2215 Νιρεύς
337 2123 491 2212 Ἀνλαΐης
512 2122 583 2205 υίδς
605 2127 770 2215 Χαρόπου
791 2154 828 2195 τε
849 2129 1024 2209 εάνακτος,

194 2229 313 2317 Νιρεύς
336 2223 374 2307 ὃς
394 2227 569 2307 κάλλιστος
591 2227 671 2318 ἀνήρ
693 2228 760 2297 δπδ
783 2230 897 2298 Κίλιον
917 2223 1019 2321 ἢλθεν

194 2331 258 2395 τῶν
279 2325 386 2396 ἀλλων
407 2332 548 2397 Δαναῶν
568 2330 642 2415 μετ’
664 2328 817 2416 ἀμύμονα
838 2332 1019 2419 Πηλεΐωνα.

141 2449 179 2491 6⁷⁵
193 2428 260 2498 ἀλλ’
285 2428 478 2511 ἀλαπαδνὸς
498 2428 565 2521 έην,
589 2434 718 2519 παῦρος
740 2431 779 2499 δέ
799 2457 855 2499 τοι
878 2434 991 2499 εἵπετο
1013 2433 1100 2514 λαός.

236 2528 274 2600 οἳ
294 2530 324 2599 δ)
349 2528 413 2621 άρα
434 2530 580 2621 Νίσυρόν
600 2531 631 2600 τ’
655 2527 742 2615 εἶχον
765 2533 958 2623 Κράπαθόν
979 2562 1015 2602 τε
1038 2535 1150 2603 Κάσον
1172 2560 1208 2600 τε

194 2635 251 2702 καὶ
273 2637 350 2702 Κῶν
371 2633 581 2723 Εὐρυπύλοιο
602 2637 703 2704 πόλιν
724 2635 842 2724 νήσους
862 2661 898 2702 τε
921 2637 1109 2719 Καλύδνας,

194 2739 258 2803 τῶν
280 2730 321 2802 αδ
344 2735 539 2817 Φείδιππός
560 2763 596 2804 τε
617 2737 673 2803 καί
693 2733 852 2826 ’Άντιφος
872 2732 1079 2826 ήνησάσθην,

197 2840 368 2906 Θεσσαλοῦ
388 2830 439 2905 υἷε
461 2839 528 2905 δύω
547 2838 767 2927 Ἡρακλεΐδαο
789 2838 958 2918 τάνακτος.

140 2970 180 3010 σω
193 2946 263 3020 τοῖς
285 2939 323 3007 δὲ
343 2941 519 3031 τριήκοντα
540 2941 706 3030 τλαφυραί
729 2940 798 3018 νέες
819 2938 1024 3021 ἐστιχόωντο.

236 3045 289 3108 νῦν
311 3036 352 3108 αδ
373 3043 450 3121 τούς
471 3040 566 3109 όσσοι
588 3044 626 3110 τό
650 3042 858 3109 Πελασνικδν
876 3037 995 3127 ’Άρτος
1016 3037 1138 3121 ἔναιον,

194 3148 230 3211 οἵ
249 3141 280 3210 τ’
299 3139 397 3210 ’Άλον
419 3145 454 3210 οἵ
473 3141 503 3210 τ’
517 3141 663 3231 Ἀλόπην
686 3145 721 3208 οἳ
740 3168 776 3208 τε
803 3145 944 3231 Τρηχῖνα
966 3140 1110 3226 νέμοντο,

194 3251 230 3314 οἳ
248 3244 277 3313 τ’
301 3239 388 3331 εἶχον
410 3243 524 3332 Φθίην
544 3241 600 3332 ἠδ’
617 3240 760 3309 Ἑλλάδα
781 3241 1032 3326 καλλιτόναικα,

195 3346 412 3437 Μυρμιδόνες
433 3342 464 3412 δ’
488 3345 659 3412 ἐκαλεῦντο
680 3345 737 3411 καί
751 3343 901 3435 Ἕλληνες
922 3345 980 3415 καὶ
1001 3343 1150 3431 Ἀχαιοί,

142 3453 260 3518 ειετῶν
282 3441 322 3516 αδ
343 3447 544 3537 πεντήκοντα
565 3449 645 3514 νεῶν
665 3440 703 3537 ήν
725 3445 823 3536 ἀρχὸς
845 3444 1027 3532 Ἀχιλλεύς.

194 3550 261 3620 ἀλλ’
284 3554 320 3621 ολ
338 3548 368 3618 τ’
393 3549 431 3619 οὐ
453 3550 602 3635 πολέμου
626 3548 801 3639 δυστηχέος
822 3548 1000 3635 ἐμνώοντο·

195 3652 231 3721 ού
252 3656 315 3742 τάρ
337 3651 392 3744 λίην
414 3650 452 3732 ὅς
472 3652 524 3733 τίς
545 3676 626 3742 σφιν
647 3650 706 3719 ἐπὶ
730 3650 843 3736 στίχας
865 3650 1036 3741 ήνήσαιτο.

194 3764 283 3824 κεῖτο
303 3757 366 3846 τάρ
387 3755 422 3823 έν
442 3755 555 3844 νήεσσι
577 3755 747 3844 ποδάρκης
770 3755 842 3834 δῖος
863 3751 1043 3837 Ἀχιλλεύς,

194 3858 312 3948 κούρης
331 3857 495 3944 χωόμενος
516 3853 700 3946 Βρισηίδος
721 3853 896 3945 ήυκόμοιο,

138 3983 180 4024 eoo
194 3957 309 4049 τήνέκ
331 3964 529 4049 Λυρνησσοῦ
550 3955 690 4039 ἐξείλετο
712 3956 822 4024 πολλὰ
843 3957 1002 4046 μοτήσας,

195 4063 390 4152 Λυρνησσὸν
412 4060 647 4150 διαπορθήσας
668 4058 725 4125 καὶ
746 4057 855 4142 τείχεα
884 4060 1011 4150 Θήβης,

194 4165 259 4231 κάδ
282 4165 319 4232 δὲ
334 4160 463 4253 Μύνητ’
486 4159 602 4249 ἔβαλεν
624 4161 681 4228 καὶ
700 4158 923 4252 Ἐπίστροφον
943 4158 1192 4251 ένχεσιμώρους,

229 4388 278 4440 670
295 4390 344 4441 καί
355 4401 426 4459 σφιν
436 4386 594 4440 θεσπέσιον
606 4384 729 4439 πλοῦτον
740 4385 866 4454 κατέχευε
880 4387 1017 4455 Κρονίων.
