2872 5016
585 300 627 347 11.
657 294 880 349 ΙΔΙΑΔΟΣΔ

183 445 297 537 ι’ίρθι’,
311 445 499 535 Ἀχαιοῖσιν
521 450 558 517 δὲ
578 452 663 535 μέτα
684 450 806 530 σθένος
826 448 942 536 ἔμβαλ’
965 446 1094 539 ἑκάστῳ

188 549 325 643 καρδίη,
348 547 507 642 άλληκτσν
527 552 744 638 πολεμιζέμεν
765 549 826 643 ήδέ
846 554 1027 638 μάχεσθαι.

139 644 168 722 ιο
228 651 401 743 Ἀτρεΐδης
421 650 454 721 δ’
476 652 594 744 ἐβόησε
615 657 690 723 τιδέ
712 654 900 736 ζώννυσθαι
922 652 1043 722 άνωτεν

182 754 367 849 Ἅρεείσνς·
389 755 424 824 έν
447 753 478 822 δ’
503 753 602 837 αύτδς
622 756 757 825 ἐδύσετο
778 756 915 844 νώροπα
937 755 1065 841 χαλκόν.

183 861 346 950 κνημῖδας
365 856 425 943 μὲν
447 860 564 945 πρώτα
588 859 666 945 περὶ
687 859 846 949 κνήμῃσιν
868 856 988 948 έθηκεν

182 960 303 1042 καλάς,
328 957 536 1048 ἀρτυρέοισιν
557 961 773 1052 ἐπισφυρίοις
796 957 969 1047 ἀραρυίας·

185 1063 336 1151 δεύτερον
357 1055 398 1129 αὖ
420 1062 560 1152 θώρηκα
582 1064 661 1153 περὶ
684 1063 865 1151 στήθεσσιν
886 1059 1005 1142 ἔδυνεν,

140 1165 240 1234 »τόν
263 1163 347 1232 ποτέ
367 1190 422 1232 τοι
443 1163 588 1253 Κινύρης
610 1166 696 1231 δῶκε
718 1165 859 1255 ξεινήιον
881 1157 975 1230 εἶναι.

185 1266 335 1336 πεύθετο
355 1266 421 1355 τδρ
444 1265 621 1355 Κύπρονδε
642 1266 727 1351 μένα
749 1269 854 1347 κλέος,
879 1262 982 1333 οὕνεκ’
1007 1262 1138 1348 Ἀχαιοί

183 1368 219 1450 ές
246 1366 366 1459 Τροίην
387 1366 518 1457 νήεσσιν
540 1363 813 1435 ἀναπλεύσεσθαι
834 1366 981 1454 ἔμελλον·

182 1469 319 1539 τούνεκά
340 1494 398 1536 εσι
420 1469 477 1537 τόν
499 1465 620 1551 έδωκε,
643 1469 854 1558 χαριζόμενος
875 1472 1020 1560 βασιλῆι.

182 1574 245 1641 τοῦ
268 1567 300 1638 δ’
322 1562 344 1661 ή
364 1595 420 1638 τοι
444 1570 522 1638 δέκα
544 1563 637 1656 οἶμοι
659 1567 736 1639 έσαν
757 1573 896 1657 μέλανος
917 1572 1066 1653 κυάνοιο,

143 1695 171 1737 ιε
185 1672 317 1743 δώδεκα
339 1671 376 1739 δέ
395 1673 515 1759 χρυσοῦ
536 1673 593 1738 καὶ
615 1669 760 1739 ε’τείκσσι
782 1673 1009 1760 κασσιτέροιο·

182 1773 317 1842 κυάνεοι
341 1772 378 1839 δέ
401 1771 574 1861 δράκοντες
595 1770 779 1861 ὀρωρέχατο
802 1777 903 1861 προτὶ
926 1775 1035 1864 δειρήν

182 1881 272 1964 τρεῖς
292 1871 479 1963 εεκάτερθζ
501 1873 611 1962 ίρισσι
633 1876 821 1955 ,εεεοικότες
842 1876 882 1955 άς
903 1902 939 1942 τε
961 1875 1111 1963 Κρονίων

183 1978 218 2048 έν
238 1976 335 2068 νέφεϊ
354 1975 485 2066 στήριξε
506 1974 603 2061 τέρας
625 1975 780 2062 μερόπων
803 1974 1000 2061 ἀνθρώπων.

182 2076 274 2170 ἀμφὶ
296 2074 327 2145 δ’
351 2075 405 2165 ἀρ’
429 2069 570 2164 ὤμοισιν
591 2078 712 2163 βάλετο
734 2077 844 2170 ξίφος·
867 2079 901 2146 έν
923 2079 961 2147 δέ
980 2105 1036 2147 τοι
1058 2073 1132 2168 ἧλοι

143 2180 332 2269 ιοχρύσεισι
354 2178 562 2269 πάμφαινον,
587 2177 670 2268 ἀτάρ
692 2182 770 2269 περὶ
793 2183 924 2249 κουλεόν
945 2174 1000 2272 ήεν

184 2280 347 2375 ἀρτίρεσν,
369 2281 559 2371 χρυσέοισιν
582 2280 795 2372 ἀορτήρεσσιν
818 2281 946 2374 ἀρηρός.

184 2382 225 2454 ἀν
246 2382 278 2454 δ’
300 2381 384 2454 ἕλετ’
408 2381 619 2474 ἀμφιβρότην
640 2384 886 2453 πολυδαίδαλον
909 2383 1039 2454 ἀσπίδα
1061 2392 1193 2476 θοῦριν,

184 2486 296 2577 καλήν,
318 2481 358 2577 ἣν
380 2486 457 2575 πέρι
478 2487 537 2571 μέν
558 2485 673 2554 κύκλοι
696 2487 776 2555 δέκα
797 2488 930 2572 χάλκεοι
953 2483 1047 2578 ἦσαν,

183 2589 218 2659 έν
240 2588 351 2659 δέεαι
374 2586 521 2679 ὀμφαλοὶ
542 2583 626 2679 ἦσαν
647 2588 791 2659 έτείκυσι
813 2591 1024 2681 κασσιτέροιο

142 2713 169 2756 ιι
183 2691 306 2774 λευκοί,
329 2692 363 2761 έν
385 2692 422 2759 δέ
442 2691 594 2776 μέσοισιν
616 2689 672 2781 έην
692 2692 828 2778 μέλανος
849 2694 991 2761 κυάνοιο.

181 2795 223 2883 τῇ
247 2789 278 2860 δ’
302 2792 361 2861 έπὶ
382 2793 443 2879 μέν
465 2800 495 2859 Γ
494 2794 579 2882 σρτιδ
602 2796 814 2883 βλοσυρῶπις
834 2795 1042 2884 ἐστεφάνωτο

184 2894 292 2963 δεινόν
314 2893 501 2984 δερκομένη,
525 2897 603 2982 περὶ
627 2898 665 2963 δὲ
687 2896 803 2983 δειμός
825 2923 859 2964 τε
881 2896 989 2985 φόβος
1009 2924 1054 2964 τε.

181 2997 241 3084 τῆς
263 2991 297 3062 δ’
319 2994 357 3077 έξ
377 2993 531 3084 ἀρτάρεος
551 2999 700 3082 τελαμών
720 2991 773 3087 ήν·
798 2996 900 3087 αι’·τάρ
922 2995 979 3063 ἐπ’
1003 2996 1104 3063 αι’τοῦ

182 3094 317 3178 κυάνεος
338 3097 485 3166 ἐλέλικτο
508 3098 649 3184 δράκων,
672 3098 816 3187 κεφαλαὶ
839 3098 876 3164 δέ
897 3123 952 3163 τοι
975 3090 1058 3185 ήσαν

141 3224 170 3265 ιο
182 3206 271 3287 τρεῖς
292 3195 550 3291 ἀμφιστρεφέες,
575 3196 646 3278 ἑνὸς
668 3196 799 3279 αὐχένος
821 3197 1030 3286 ἐκπεφυυῖαι.

182 3303 276 3392 κρατὶ
300 3297 334 3369 δ’
356 3299 413 3370 ἐπ’
438 3297 633 3389 ἀμφίφαλον
655 3299 767 3389 κυνέην
788 3299 871 3366 θέτο
891 3301 1137 3391 τετραφάληρον

181 3404 358 3494 ἵππουριν·
381 3403 488 3471 δεινόν
511 3401 549 3467 δὲ
570 3399 675 3491 λόφος
695 3400 912 3491 καθύπερθεν
934 3402 1046 3472 ἔνευεν.

181 3507 287 3573 εἵλετο
309 3501 341 3572 δ’
365 3501 489 3589 άλκιμα
512 3505 607 3595 δοῦρε
630 3503 712 3585 δύω,
735 3507 962 3594 κεκορυθμένα
987 3509 1112 3597 χαλκῷ,

182 3605 274 3689 ὀξέα·
295 3608 374 3697 τῆλε
396 3606 433 3675 δέ
453 3609 573 3690 χαλκὸς
596 3604 659 3673 ἀπ’
683 3605 824 3697 αὐτόφιν
846 3607 981 3696 ούρανδν
1002 3607 1083 3678 εἴσω

138 3731 167 3773 ω
181 3706 297 3793 λάμπ’.
341 3708 401 3776 ἐπὶ
425 3707 462 3776 δέ
483 3709 676 3798 νδούπησαν
700 3707 864 3800 Ἀθηναίη
886 3738 922 3778 τε
944 3713 1000 3780 καὶ
1015 3711 1116 3802 Ἥρη,

180 3818 328 3896 τιμῶσαι
348 3813 496 3899 βασιλῆα
518 3812 739 3899 πολυχρύσοιο
762 3812 930 3902 Μυκήνης.

221 3909 343 4002 ἡνιόχῳ
366 3913 425 3997 μὲν
447 3908 566 3980 ἔπειτα
587 3916 653 4002 τεῷ
676 3913 828 3982 ἐπέτελλε
850 3915 1007 3993 εέκαστος

179 4016 307 4093 ἵππους
328 4006 363 4080 εὖ
386 4015 470 4081 κατὰ
490 4016 615 4101 κόσμον
636 4015 790 4104 έρυκέμεν
812 4008 892 4083 αὖθ’
915 4016 974 4084 ἐπὶ
995 4016 1122 4106 τάφρῳ,

179 4112 275 4184 αι’ποὶ
298 4114 336 4182 δὲ
359 4115 497 4204 πρυλέες
518 4116 575 4184 σόν
595 4117 723 4202 τεύχεσι
745 4116 978 4206 θωρηχθέντες

232 4355 262 4406 1³
281 4355 402 4409 τοῖσιδ’
423 4351 501 4431 άφαρ
520 4355 644 4429 πόλεμος
660 4361 781 4411 νλυκίων
797 4354 887 4411 τέκετ’
908 4355 939 4424 ἠέ
957 4359 1073 4413 νέεσθαι,

279 4441 309 4495 έν
326 4442 407 4509 νηυσὶ
423 4444 584 4516 νλαφυρήσι
600 4446 686 4515 φίλην
704 4444 732 4504 ές
748 4441 872 4512 πατρίδα
889 4448 982 4495 [αῖον.
