2872 5016
528 247 554 294 δ.
591 242 775 294 ῙΔΙΔΔΟΣ
792 243 816 292 Ε

126 389 204 482 ὄφρ’
225 391 260 461 ev*
280 394 464 486 νιτνιύσκῃς
484 394 567 486 ήμέν
587 396 670 463 θεόν
690 391 751 484 ήδέ
772 394 829 461 καί
852 390 964 482 άνδρα.

123 495 172 582 τῷ
192 495 258 576 νύν,
281 492 317 562 εί
334 522 372 563 κε
393 499 474 578 θεὸς
496 496 699 586 πειρώμενος
719 492 838 563 ἐνθάδ’
861 499 988 584 ἵκηται,

71 619 109 658 ιιο
122 593 167 683 μή
187 621 222 662 τι
244 593 284 663 σύ
304 593 337 662 τ’
360 593 564 666 ἀθανάτοισι
585 603 680 678 θεοῖς
702 593 834 684 α’ντικρύ
855 597 1027 681 μάχεσθαι

119 700 189 776 τοῖς
211 692 341 776 άλλοις·
364 694 447 786 ὐτὰρ
470 695 506 766 εί
524 723 561 765 κε
582 700 667 777 Διὸς
688 698 838 787 θυγάτηρ
859 693 1039 789 Ἀφροδίτη

120 793 239 886 έλθῃσ’
263 796 297 877 ἐς
319 797 478 882 πόλεμον,
501 799 560 888 τήν
580 795 612 866 τ’
637 796 776 884 οὐτάμεν
799 795 866 879 ὀξέι
887 797 1026 887 χαλκῷ.”

162 891 185 984 ή
206 897 264 979 μὲν
286 893 340 985 ἄρ’
363 890 408 976 ὦς
428 896 582 967 εειποῦσ’
605 897 715 987 άπέβη
737 900 929 978 τλαυκῶπις
949 896 1092 990 Ἀθήνη,

126 996 286 1086 Τυδείδης
309 993 342 1062 δ’
364 998 493 1079 ἐξαῦτις
514 997 574 1066 ἐιδν
595 998 819 1087 προμάχοισιν
840 998 977 1089 ἐμίχθη·

70 1131 110 1172 1³5
124 1097 181 1164 καὶ
204 1095 282 1185 πρίν
305 1121 368 1184 περ
390 1101 490 1187 θυμῷ
510 1100 644 1184 μεμαώς
669 1098 817 1188 Τρώεσσι
838 1098 1020 1183 μάχεσθαι,

123 1199 162 1286 δή
185 1198 261 1265 τότε
281 1226 340 1284 μιν
359 1200 431 1287 τρίς
451 1201 572 1268 τόσσον
592 1201 663 1268 ἐλεν
684 1200 794 1285 μένος,
818 1198 863 1280 ὥς
883 1224 920 1266 τε
940 1201 1059 1270 λέοντα

121 1298 158 1367 ὃν
178 1301 221 1389 ῥά
242 1326 278 1368 τε
299 1302 426 1390 ποιμήν
447 1298 539 1390 ὐτρῷ
560 1298 616 1369 ἐπ’
639 1299 832 1389 εἰροπόκοις
854 1297 982 1369 ὐίεσσιν

119 1401 243 1492 χραύσῃ
265 1401 325 1486 μέν
344 1399 377 1468 τ’
399 1399 497 1492 αὐλῆς
517 1400 750 1492 ὑπεράλμενον,
775 1399 852 1470 οὐδὲ
874 1403 1042 1495 δαμάσσῃ·

119 1505 178 1570 τοῦ
199 1504 257 1587 μέν
276 1529 313 1570 τε
335 1502 456 1584 σθένος
482 1497 596 1592 ὦρσεν,
619 1501 738 1572 ἔπειτα
761 1503 800 1571 δέ
818 1501 848 1570 τ’
872 1501 910 1571 οὐ
931 1505 1138 1594 προσαμύνει

69 1631 107 1670 uo
121 1601 204 1672 ὐλλά
226 1605 309 1670 κατά
332 1607 503 1690 σταθμούς
525 1605 650 1687 δύεται,
673 1604 717 1671 τά
740 1601 773 1669 δ’
794 1602 900 1693 ἐρῆμα
921 1611 1094 1693 φοβεῖται·

120 1703 159 1772 αἳ
176 1705 236 1789 μέν
256 1702 288 1770 τ’
311 1701 497 1788 ὐτχιστῖναι
519 1703 575 1773 ἐπ’
599 1702 760 1794 ἀλλήλῃσι
781 1703 942 1786 κέχυνται,

119 1803 222 1893 αὐτὰρ
243 1802 263 1873 ό
285 1805 459 1891 ἐμμεμαώς
480 1806 607 1895 βαθέης
628 1806 799 1887 ἐξάλλεται
821 1802 929 1894 αὐλῆς.

119 1899 163 1986 ὧς
184 1907 319 1991 μεμαώς
345 1906 495 1993 Τρώεσσι
516 1904 596 1994 μίση
619 1906 774 1994 κρατερὸς
795 1905 976 1994 Διομήδης.

162 2002 237 2072 ἐνθ’
261 2006 314 2071 ἐλε
345 2004 530 2073 Ραοτύνοον
551 2005 608 2072 καί
626 2003 802 2092 Ὑπείρονα
824 2005 969 2089 ποιμένα
990 2009 1089 2088 λαῶν,

69 2142 107 2181 145
122 2108 177 2173 τόν
198 2106 257 2191 μὲν
278 2102 360 2194 ὑπὲρ
381 2107 501 2191 μαζοῖο
522 2107 632 2192 βαλών
651 2105 809 2196 χαλκήρεϊ
828 2105 935 2193 δουρί,

116 2208 172 2274 τὸν
194 2204 225 2274 δ’
250 2205 359 2296 ἕτερον
380 2206 475 2298 ξίφεϊ
491 2208 624 2298 μεσάλῳ
646 2208 765 2297 κληῖδα
787 2205 870 2295 παρ’
892 2201 981 2293 ὦμον

116 2305 224 2397 πλῆξ’,
248 2304 318 2375 ὐπδ
342 2307 375 2375 δ’
397 2306 528 2391 αὐχένος
549 2304 638 2395 ιύμον
658 2307 835 2398 ἐκόρεσθεν
855 2305 910 2398 ἠδ’
933 2307 1003 2377 ὐπδ
1025 2311 1134 2379 νώτου.

115 2411 192 2491 τούς
213 2408 274 2495 μέν
296 2406 378 2492 ἐασ’,
404 2407 422 2478 ὃ
446 2408 478 2478 δ’
498 2409 644 2499 ’Άβαντα
664 2411 830 2499 μετῴχετο
852 2413 908 2477 καί
929 2410 1131 2481 Πολύειδον.

116 2508 207 2592 υἱέος
226 2510 482 2601 Εὐρυδάμαντος
504 2510 735 2601 ὀνειροπόλοιο
756 2511 918 2601 νέροντος,

60 2645 100 2685 τσο
115 2619 186 2692 τοῖς
207 2611 265 2680 οὐκ
286 2614 474 2703 ἐρχομένοις
497 2611 515 2682 ὁ
537 2616 640 2704 κέρων
660 2611 801 2703 ἐκρίνατ’
827 2611 985 2702 όνείρους,

117 2711 200 2780 άλλύ
221 2736 327 2803 σφεας
347 2717 502 2806 κρατερὸς
523 2715 698 2805 Διομήδης
720 2715 907 2801 ἐξενάριξεν.

115 2818 159 2904 βῆ
182 2816 219 2882 δέ
238 2817 322 2901 μετά
343 2817 478 2889 Ξάνθον
498 2843 534 2885 τε
558 2816 678 2884 Θόωνά
699 2842 736 2883 τε
758 2815 926 2898 Φαίνοπος
947 2813 1011 2903 υἷε,

116 2913 217 3007 άμφω
238 2917 413 3008 τηλυνέτιο·
437 2911 456 2986 ὃ
478 2915 511 2985 δ’
532 2915 675 3005 ἐτείρετο
696 2917 800 3007 νήραϊ
817 2920 941 3008 λυνρῷ,
1107 2917 1110 2923 ’

114 3015 185 3085 υἱόν
207 3016 239 3085 δ’
260 3015 299 3087 οὐ
320 3017 425 3087 τέκετ’
447 3017 545 3086 άλλον
566 3019 625 3086 ἐπὶ
647 3018 821 3086 κτεάτεσσι
842 3020 1017 3089 λιπέσθαι.

62 3151 100 3192 ιιι
115 3115 188 3187 ἐνθ’
211 3118 284 3188 ὅτε
304 3122 381 3200 τούς
401 3121 540 3208 ἐνάριζε,
564 3118 661 3208 φίλον
684 3116 715 3186 δ’
739 3117 886 3199 ἐξαίνυτο
906 3122 1017 3206 θυμόν

113 3217 305 3310 ὐμφοτέρω,
329 3223 451 3309 πατέρι
476 3221 513 3288 δέ
533 3217 612 3285 νόον
633 3218 690 3285 καί
713 3217 815 3307 κήδεα
836 3220 937 3310 λυπρά

113 3318 213 3403 λεῖπ’,
236 3321 314 3388 ἐπεί
336 3318 374 3388 οὐ
398 3321 517 3402 ζιύοντε
537 3321 643 3411 μάχης
664 3321 899 3411 ἐκνοστήσαντε

114 3421 245 3503 δέξατο·
266 3423 430 3511 χηρωσταί
454 3422 492 3489 δέ
513 3427 573 3490 διὰ
594 3426 710 3515 κτῆσιν
732 3425 894 3495 δατέοντο.

157 3520 233 3590 ἔνθ’
255 3516 328 3603 υἷας
349 3523 520 3610 Πριάμοιο
543 3525 610 3592 δύω
632 3525 714 3612 λάβε
737 3529 967 3614 Δαρδανίδαο,

61 3663 101 3704 160
117 3624 164 3694 εέν
185 3623 232 3693 ἐνί
256 3623 364 3716 δίφρῳ
386 3625 513 3707 ἐόντας,
534 3627 696 3717 Ἐχήμονά
718 3655 754 3696 τε
776 3631 924 3719 Χρομίον
944 3657 988 3699 τε.

114 3724 159 3808 ὦς
181 3726 218 3794 δέ
240 3725 321 3794 λέων
342 3727 376 3796 ἐν
396 3728 494 3812 βουσὶ
517 3731 628 3817 θοραῖν
649 3730 686 3810 ἐξ
707 3728 825 3813 αὐχένα
845 3733 929 3824 τάξῃ

112 3829 254 3919 πόρτιος
275 3826 314 3918 ήὲ
335 3828 426 3914 βοός,
451 3830 585 3913 ξύλοχον
606 3831 691 3897 κάτα
712 3836 957 3919 βοσκομενάων,

112 3923 157 4011 ὧς
177 3931 253 4010 τούς
276 3927 480 4019 α’μφοτέρους
501 3931 540 4011 ἐξ
559 3934 674 3999 ἵππιον
701 3932 823 4014 Τυδέος
844 3933 915 4016 οἶός

111 4038 196 4121 βήσε
217 4033 326 4113 κακοῖς
346 4028 536 4114 ὐεέκοντας,
560 4029 679 4100 ἔπειτα
701 4034 738 4101 δέ
759 4033 864 4118 τεύχε’
887 4037 1000 4105 ἐσύλα·

58 4159 98 4201 τοι
112 4135 241 4212 ἵππους
263 4129 295 4201 δ’
318 4125 369 4214 οἷς
390 4132 541 4221 ἑτάροισι
564 4134 649 4203 δίδοι
670 4140 753 4221 μετὰ
775 4141 855 4227 νήας
875 4139 1028 4207 ἐλαύνειν.

152 4236 209 4301 τόν
229 4234 320 4302 είδεν
340 4233 484 4317 Αἰνείας
507 4234 719 4318 ἀλαπάζοντα
741 4238 855 4323 στίχας
877 4238 1011 4328 ἀνδρῶν,

111 4336 154 4422 βῆ
176 4331 206 4401 δ’
228 4332 303 4419 ίμεν
324 4331 364 4402 άν
384 4361 421 4402 τε
441 4337 547 4425 μάχην
569 4339 624 4404 καί
648 4334 709 4404 ὐνά
732 4339 844 4407 κλόνον
865 4340 1022 4425 ἐνχειάιον
