2872 5016
591 305 615 352 ⁶1.
653 299 837 352 ΙΛΙᾸΔΟΣ
855 299 881 350 Η

178 451 197 478 “
208 452 325 542 Ἕκτορ
347 451 397 523 vie*
417 454 605 543 Πριάμοιο,
630 452 693 522 Διὶ
714 453 812 541 μῆτιν
834 448 1004 533 ἀτάλαντε,

184 549 206 645 ή
228 556 269 644 ῥά
291 555 328 623 νύ
349 555 409 642 μοι’
429 582 463 624 τι
486 556 624 637 πίθοιο,
645 552 839 644 κασίτνητος
862 553 899 620 δέ
917 578 970 621 τοι
995 550 1073 638 εἶμί.

182 654 299 737 ἀλλους
320 659 379 743 μὲν
400 659 545 727 κάθισον
570 659 684 745 Τρῶας
705 655 763 723 καὶ
784 654 911 734 πάντας
932 651 1100 737 Ἀχαιούς,

137 781 165 821 τι
182 755 281 839 αύτδς
303 761 340 826 δὲ
362 760 590 848 προκάλεσσαι
610 756 753 842 Ἀχαιῶν
775 755 811 837 ὅς
832 783 884 836 τις
907 752 1043 844 ἀριστος

182 857 332 946 ἀντίβιον
353 861 568 946 μαχέσασθαι
589 860 623 928 έν
645 857 719 949 αἰνῇ
742 861 907 949 δηιοτῆτι·

183 960 221 1029 ού
243 963 306 1051 τάρ
329 963 383 1029 πώ
404 987 456 1030 τοι
478 968 578 1049 μοῖρα
599 967 715 1028 θανεῖν
735 961 792 1028 καὶ
814 959 943 1045 πότμον
964 956 1130 1028 ἐπισπεῖν.

183 1056 228 1143 ὦς
249 1066 311 1152 τάρ
333 1064 397 1131 ἑτιδ
419 1061 500 1131 τάπ’
523 1061 648 1130 ἀκουσα
669 1064 759 1128 θεῶν
780 1059 1031 1129 αῖειτενετάιον.”

226 1159 269 1246 ὧς
291 1164 406 1255 ἔφαθ’,
422 1165 547 1253 Ἕκτωρ
571 1161 603 1231 δ’
626 1156 703 1230 αάτε
723 1164 806 1254 χάρη
828 1163 913 1248 μέτα
933 1165 1044 1248 μῦθον
1065 1160 1220 1245 ἀκούσας,

141 1295 167 1334 ω
183 1266 241 1334 καί
263 1264 294 1355 ῥ’
316 1268 351 1348 ές
371 1268 494 1353 μέσσον
515 1265 574 1335 ἰών
599 1265 720 1350 Τρώων
742 1263 891 1354 ἀνέτερτε
912 1266 1097 1356 φάλαττας,
1182 1327 1183 1330 ,

182 1369 305 1455 μέσσου
330 1372 446 1454 δουρός
468 1366 563 1437 ἑλών·
585 1368 639 1436 τοὶ
663 1365 696 1434 δ’
720 1364 921 1458 ἱδρύνθησαν
943 1367 1094 1448 ἅπαντες.

181 1474 245 1539 κάδ
267 1469 299 1538 δ’
321 1468 531 1557 Ἀταμέμνων
553 1463 638 1538 εἷσεν
660 1470 858 1559 ἐυκνήμιδας
878 1467 1042 1554 Ἀχαιούς.

182 1576 246 1641 κάδ
269 1571 300 1640 δ’
324 1570 378 1660 ἀρ)
403 1571 565 1664 Ἀθηναίη
586 1599 623 1640 τε
644 1573 701 1639 κιιὶ
725 1568 940 1660 ἀρτυρότοξος
961 1569 1134 1640 Ἀπόλλων

184 1673 338 1764 ἑζέσθην,
363 1672 467 1763 όρνισι
490 1675 677 1754 τετοικότες
700 1672 919 1754 αίτυπιοῖσιν,

144 1803 170 1841 ω
185 1780 281 1867 φητηῖ
303 1774 358 1867 ἐφ’
380 1775 491 1868 ύφηλῇ
514 1779 641 1866 πατρός
664 1777 748 1854 Διὸς
770 1773 949 1856 αῖτιόχοιο,

183 1877 323 1965 ἀνδράσι
345 1880 556 1966 τερπόμενοι·
577 1880 642 1943 τῶν
665 1878 702 1943 δὲ
724 1875 830 1960 στίχες
852 1879 943 1943 εἵατο
966 1876 1100 1958 πυκναί,

184 1979 306 2048 ἀσπίσι
329 1980 387 2044 καὶ
409 1979 592 2066 κορύθεσσι
615 1977 672 2044 καλ
695 1975 803 2059 έτχεσι
826 1982 1033 2066 πεφρικυῖαι.

186 2085 239 2169 οῖη
264 2081 300 2147 δὲ
323 2080 491 2170 Ζεφύροιο
513 2079 646 2164 ἐχεύατο
668 2079 787 2146 πόντον
808 2076 868 2146 ἔπι
891 2078 972 2169 φρίξ

187 2181 376 2271 ὀρνυμένοιο
398 2183 480 2265 νέον,
503 2183 636 2267 μελάνει
660 2182 696 2250 δέ
715 2206 751 2249 τε
773 2182 895 2260 πόντος
916 2179 975 2247 ἀπ)
998 2179 1109 2272 αὐτῆς,

144 2304 169 2344 ⁶5
185 2291 274 2351 τοῖαι
298 2280 361 2371 ἀρα
384 2281 491 2366 στίχες
512 2282 595 2351 εἵατ’
609 2282 752 2368 Ἀχαιῶν
772 2310 809 2352 τε
835 2283 954 2372 Τρώων
974 2309 1011 2351 τε

183 2387 218 2454 ἕν
239 2387 357 2473 πεδίῳ.
395 2387 521 2476 Ἕκτωρ
545 2390 583 2457 δέ
602 2388 673 2473 μετ’
697 2385 935 2479 ἀμφοτέροισιν
956 2384 1087 2454 ἔτειπεν

179 2487 196 2513 “
205 2488 339 2556 κέκλυτέ
358 2514 433 2573 μευ,
462 2492 569 2574 Τριῦες
591 2495 649 2557 κατ’
670 2490 862 2580 ἐυκνήμιδες
882 2486 1027 2574 Ἀχαιαί,

184 2588 259 2680 ὄφρ’
284 2588 371 2657 εῖπω
392 2592 434 2658 τιί
456 2617 497 2676 με
518 2595 628 2677 θυμός
649 2593 696 2658 ἐνὶ
719 2595 881 2682 στήθεσσι
906 2593 1039 2658 κελεύει.

184 2693 280 2781 ὅρκια
302 2693 359 2777 μέν
381 2692 544 2783 Κρονίδης
566 2692 725 2785 ύψίζυτσς
746 2691 804 2761 ούκ
826 2694 1003 2774 ἐτέλεσσεν,

142 2819 168 2858 ιο
183 2792 265 2861 ἀλλὰ
288 2796 373 2860 κακά
395 2795 540 2885 φρονέων
562 2795 768 2883 τεκμαίρεται
795 2792 1044 2885 ἀμφοτέροισιν,

183 2894 231 2976 εἰς
254 2894 272 2961 ό
293 2921 347 2962 κεν
369 2891 390 2984 ἢ
411 2893 502 2981 ύμεῖς
529 2895 648 2987 Τροίην
669 2897 831 2985 έύπυρνον
853 2896 946 2987 έλητε

184 2993 205 3087 ή
226 2994 321 3064 αύτοὶ
344 3000 436 3086 παρά
458 3000 552 3088 νηυσὶ
575 3000 717 3089 δαμήετε
739 3000 1008 3087 ποντοπόροισιν.

184 3097 258 3184 ύμῖν
280 3097 312 3166 δ’
335 3099 369 3166 ἐν
390 3101 452 3188 τδρ
474 3098 567 3168 έασιν
590 3098 742 3190 ἀριστῆες
762 3104 976 3183 Παναχαιῶν·

183 3204 245 3268 τών
268 3204 321 3267 νύν
343 3199 378 3269 ὅν
399 3227 474 3268 τινα
495 3203 605 3286 θυμός
626 3201 702 3285 ἐμοὶ
723 3199 939 3285 μαχέσασθαι
962 3197 1094 3285 ἀνώτει,

140 3335 164 3372 τε
184 3301 273 3392 δεῦρ’
296 3300 358 3370 ἰ’τω
381 3303 417 3370 ἐκ
440 3302 573 3368 πόντων
594 3302 725 3388 πρόμος
746 3299 882 3387 ἔμμεναι
894 3300 1028 3392 Ἕκτορι
1052 3304 1125 3396 δίῳ.

183 3398 248 3472 ὦδε
271 3404 309 3471 δὲ
331 3404 516 3488 μυθέομαι,
541 3405 623 3484 Ζεύς
645 3401 678 3471 δ’
701 3401 786 3491 ἀμμ’
808 3405 867 3473 ε’πὶ
888 3406 1051 3496 μάρτορος
1072 3408 1164 3478 ἔστω.

184 3506 213 3574 εἰ
234 3505 295 3592 μέν
317 3531 371 3573 κεν
393 3505 451 3590 ἐμὲ
473 3511 576 3587 κεῖνος
599 3505 654 3599 ἕλη
676 3508 833 3598 ταναήκεϊ
851 3512 976 3600 χαλκηῖ,

182 3610 297 3691 τεύχεα
319 3608 462 3697 συλήσας
482 3609 609 3698 φερέτω
632 3608 746 3691 κοίλας
767 3610 826 3679 ἐπὶ
848 3614 938 3700 νῆας,

183 3714 277 3796 σῶμα
300 3710 338 3776 δὲ
358 3708 491 3777 τοίκαδ
513 3711 591 3797 ἐμόν
613 3713 747 3799 δόμεναι
770 3715 887 3797 πόλιν,
911 3712 998 3806 όφρα
1021 3718 1124 3805 πυρός
1145 3743 1186 3799 με

141 3844 168 3884 ω
188 3819 297 3899 Τρώες
319 3813 376 3881 καὶ
404 3812 523 3900 Τρώων
544 3810 659 3897 ἀλοχοι
682 3815 843 3900 λελάχωσι
864 3819 1020 3885 θανόντα.

184 3912 214 3981 εἰ
238 3913 276 3981 δέ
298 3910 331 3980 κ’
353 3914 417 3981 ἑτώ
440 3916 496 3982 τόν
519 3915 596 3999 έλισ,
621 3917 688 4007 δώῃ
713 3918 751 3986 δέ
769 3944 827 4003 μοι
850 3913 943 4004 εύχος
956 3919 1141 4001 Ἀπόλλων,

182 4016 296 4099 τεύχεα
318 4018 460 4105 συλήσας
483 4016 564 4085 οἴσω
588 4019 688 4107 προτὶ
711 4017 826 4087 Ρίλιον
848 4019 919 4111 ἱρήν

183 4120 240 4184 καὶ
262 4118 390 4207 κρεμόω
412 4121 512 4206 προτὶ
534 4121 609 4209 νηόν
630 4117 839 4202 Ἀπόλλωνος
860 4124 1029 4202 τεκάτοιο,

182 4221 239 4287 τόν
261 4221 298 4288 δὲ
319 4221 409 4288 νέκυν
431 4221 490 4290 ἐπὶ
511 4225 590 4311 νῆας
611 4223 808 4306 ἐυσσέλμους
830 4222 1014 4305 ἀποδώσω,

143 4346 168 4387 ετ
186 4319 273 4412 όφρα
295 4348 332 4390 τε
353 4325 538 4410 ταρχύσωσι
560 4325 643 4414 κόρη
665 4323 847 4408 κομόιοντες
868 4323 1013 4409 Ἀχαιοί,

185 4423 272 4513 σήμό
293 4423 330 4492 τό
350 4446 404 4491 τοι
425 4426 564 4508 χεύωσιν
585 4425 644 4494 έπί
667 4427 788 4495 πλατεῖ
804 4424 1044 4520 Ἕλλησπόντη.
