2872 5016
202 276 266 346 168
602 285 643 333 11.
675 280 901 336 ιλιιεοει

147 462 187 506 ιω
202 430 387 524 Ἀτρεΐδης·
408 433 455 501 τα)
478 431 511 501 δ’
533 429 605 503 αὖτ’
628 436 665 505 ἐκ
688 435 808 528 δίφρου
829 437 1062 528 τουναζέσθην.

196 532 352 624 “ζσίι·ρει,
375 533 505 627 Ἀτρέος
525 533 589 620 υίέ,
614 539 652 605 σύ
675 534 708 605 δ’
731 533 810 620 ἀξια
832 538 925 620 δέξαι
948 534 1089 607 δίποινα·

200 640 306 706 πολλα
329 634 362 705 δ
385 639 418 706 έν
443 635 659 763 Ἀντιμάχοιο
682 639 801 725 δόμοις
822 640 979 728 κειμήλια
1003 647 1126 726 κεῖται,

198 740 319 825 χαλκός
338 766 375 807 τε
395 741 512 828 χρυσός
532 765 569 807 τε
591 740 710 826 πολύκχ
697 741 799 830 μητός
819 768 856 809 τε
875 740 1024 868 σίδηρος,

199 845 264 911 τῶν
284 842 338 910 κέν
358 868 412 909 τοι
433 841 608 931 χαρίσαιτο
630 845 741 933 πατήρ
764 841 928 968 ἀπερείσι’
952 840 1092 929 ἀποινα,

146 966 186 1007 ιω
201 941 230 1012 εί
252 947 312 1011 νῶι
336 945 438 1026 ζωούς
459 942 644 1013 πεπύθοιτ’
668 945 727 1014 ἐπὶ
749 948 862 1036 νηυσὶν
881 942 1052 1030 Ἀχαιῶνῗ

241 1038 285 1126 ὧς
305 1045 352 1113 τά
373 1073 411 1113 τε
431 1045 581 1115 κλαίοντε
604 1048 837 1138 προσαυδήτην
858 1050 1005 1136 βασιλῆα

198 1147 376 1233 μειλιχίοις
396 1149 583 1217 εεπέεσσιν·
605 1146 795 1235 ἀμείλικτον
818 1145 851 1216 δ’
874 1144 935 1216 ἀπ’
957 1145 1109 1218 ἀκουσαν.

194 1247 250 1317 “el
270 1249 331 1335 μέν
353 1252 391 1339 δή
415 1248 628 1335 Ἀντιμάχοιο
651 1251 829 1341 δαΐφρονος
849 1248 934 1330 υἱέες
955 1250 1062 1333 ἐστόν,

200 1351 237 1432 ὅς
259 1350 338 1420 ποτ’
360 1352 408 1420 ἐνὶ
435 1352 554 1439 Τρώων
577 1350 682 1442 ἀπορῇ
704 1352 878 1420 Μενέλαον
900 1348 1034 1435 ἀνωνεν,

146 1479 185 1517 ιω
199 1450 352 1544 ἀντελίην
373 1453 516 1521 ἐλθόντα
538 1455 595 1521 σύν
618 1450 766 1542 ἀντιθέῳ
784 1450 933 1542 Ὀδυσῆι,

200 1550 286 1624 αύθι
307 1560 515 1623 κατακτεῖναι
539 1551 618 1646 μηδ’
640 1554 750 1639 ἀξέμεν
772 1549 825 1645 άψ
847 1554 881 1634 ές
901 1551 1069 1639 Ἀχαιούς,

199 1658 252 1724 νῦν
272 1659 332 1743 μὲν
354 1659 393 1746 δή
415 1659 473 1723 τοῦ
496 1658 622 1746 πατρὸς
643 1654 778 1726 ἀεεικέα
799 1653 906 1724 τίσετε
928 1656 1064 1749 λάβην.”

240 1750 275 1846 ή,
298 1758 355 1825 καὶ
376 1755 581 1846 Πείσανδρον
601 1758 660 1844 μέν
681 1755 742 1849 ἀφ’
766 1759 882 1825 ἵππων
903 1750 967 1826 ὦσε
986 1762 1128 1846 χαμᾶζε,

200 1856 293 1947 δουρί
314 1862 426 1946 βαλών
447 1862 534 1950 πρὸς
555 1863 694 1951 στῆθος·
718 1854 737 1929 ὃ
760 1857 792 1927 δ’
815 1859 937 1942 ύπτιος
959 1857 1053 1930 ούδει
1073 1864 1226 1958 ἐρείσθη·

144 1984 184 2025 145
195 1959 391 2046 Ἱππόλοχος
413 1961 446 2030 δ’
469 1961 644 2053 ἀπόρουσε.
687 1964 744 2031 τόν
766 1958 807 2030 αὗ
827 1964 933 2048 χαμαὶ
954 1963 1147 2053 ἐξενάριξεν,

195 2060 305 2152 χεῖρας
327 2062 396 2134 ἀπὸ
420 2065 514 2156 ξίφεϊ
532 2063 660 2154 πλήξας
681 2060 752 2131 ἀπό
774 2061 806 2130 τ’
829 2060 946 2146 αύχίνα
967 2064 1093 2153 κόψας,

196 2167 296 2253 ὅλμον
318 2165 350 2236 δ’
372 2166 417 2249 ύίς
438 2166 551 2237 ἔσσευε
572 2164 787 2234 κυλίνδεσθαι
809 2161 857 2234 δι’
879 2163 1004 2251 ὁμίλου.

195 2272 272 2351 τούς
292 2272 351 2356 μὲν
373 2268 455 2354 ἐάσ’,
480 2266 498 2340 ὃ
522 2267 564 2352 δ’,
590 2266 652 2337 ὅθι
673 2271 830 2336 πλεῖσται
850 2267 1019 2338 κλονέοντο
1041 2271 1222 2362 φάλαττες,

196 2381 237 2463 τῇ
259 2370 288 2462 ῥ’
312 2368 464 2461 ένόρουσ’,
489 2370 558 2455 ἅμα
580 2367 612 2436 δ’
636 2365 729 2435 άλλοι
751 2368 943 2457 ἐυκνήμιδες
966 2368 1108 2456 Ἀχαιοί.

144 2502 183 2543 ιω
197 2473 296 2556 πεζοί
316 2477 376 2560 μέν
397 2472 518 2553 πεζούς
540 2468 652 2538 όλεκον
675 2467 853 2558 φεύτσντας
875 2466 1013 2561 ἀνάνκη,

196 2573 323 2665 ἱππῆες
345 2573 378 2642 δ’
402 2571 532 2662 ἱππῆας
552 2611 595 2622 -
617 2568 685 2639 ὑπὸ
706 2567 806 2659 σφίσι
829 2566 860 2636 δ’
884 2563 968 2660 ἀρτο
990 2575 1082 2667 κονίη

195 2677 232 2744 έκ
254 2674 387 2758 πεδίου,
409 2676 468 2764 τήν
490 2667 598 2763 ὦρσαν
619 2671 815 2762 έρίτδουποι
837 2671 940 2754 πόδες
961 2677 1078 2746 ἵππων
1100 2721 1141 2733 -

194 2781 306 2869 χαλκῷ
329 2778 513 2869 δηιόωντες.
559 2774 642 2866 ἀτάρ
664 2774 780 2864 κρείων
801 2771 1014 2862 Ἀναμέμνων

198 2879 270 2951 αἰέν
292 2876 497 2951 ἀποκτείνων
519 2876 622 2961 ἕπετ’,
644 2875 829 2965 Ἀρτείοισι
850 2879 995 2948 κελεύων.

142 3007 181 3048 155
198 2982 243 3064 ἀς
265 2980 298 3051 δ’
321 2981 377 3052 ὅτε
398 2985 463 3071 πῦρ
487 2978 645 3072 ἀείδηλον
667 2980 702 3049 ἐν
724 2975 832 3069 ἀξύλῳ
854 2979 980 3073 έμπέση
1002 2980 1076 3075 ύλη·

195 3085 303 3178 πάντη
325 3083 356 3153 τ’
380 3083 543 3177 εἰλυφόων
565 3080 682 3171 ἀνεμος
703 3081 811 3175 φέρει,
835 3081 867 3152 σί
890 3082 928 3153 δέ
947 3111 984 3152 τε
1004 3085 1133 3173 θάμνοι

195 3188 368 3278 πρόρριζοι
391 3185 575 3257 πίπτουσιν
599 3186 809 3272 ἒπειτόμενοι
831 3187 936 3278 πυρὸς
958 3186 1057 3281 ὁρμῇ·

194 3284 239 3370 ἀς
261 3286 316 3378 ἀρ’
338 3288 399 3357 ὑπ’
422 3287 574 3380 Ἀτρεΐδη
598 3286 817 3375 Ἀναμέμνονι
838 3296 945 3358 πῖπτε
966 3290 1091 3381 κάρηνα

199 3390 318 3479 Τρώων
341 3391 539 3482 φευτύντων,
562 3390 685 3456 πολλοὶ
707 3386 740 3455 δ’
763 3388 945 3479 ἐριαύχενες
967 3395 1075 3462 ἵπποι

140 3525 179 3566 ιω
193 3490 273 3561 κείν’
297 3490 374 3575 όχεα
396 3491 586 3579 κροτάλιζον
609 3486 672 3555 ἀνά
693 3489 877 3573 πτολέμοιο
897 3491 1055 3581 τεφύρας,

192 3593 344 3684 ἡνιόχους
366 3592 548 3672 ποθέοντες
570 3589 747 3676 ἀμύμονας.
792 3587 830 3658 οἳ
850 3589 881 3659 δ’
904 3592 964 3660 ἐπὶ
984 3594 1064 3688 ταίη

192 3694 318 3778 κείατο,
339 3694 502 3763 τύπεσσιν
524 3694 609 3761 πολύ
631 3689 780 3783 φίλτεροι
803 3689 825 3782 ἢ
847 3691 1029 3779 ἀλόχοισιν.

182 3801 325 3887 Ἕκτορα
347 3795 379 3864 δ’
401 3796 437 3865 ἐκ
459 3796 580 3883 βελέων
601 3793 710 3862 ύπατε
732 3795 816 3875 Ζεύς
836 3791 873 3864 ἔκ
894 3822 930 3864 τε
952 3798 1063 3891 κονίης

189 3898 226 3968 ἔκ
247 3927 268 3968 τ
270 3894 585 3990 ’ἀνδροκτασίης”
563 3923 599 3966 εκ
620 3893 660 3967 θ
683 3894 866 3978 αἵματος”
844 3923 881 3966 εκ
902 3923 938 3966 τε
959 3904 1137 3991 κυδοιμοῑ·

137 4031 176 4071 ιω
194 3999 422 4093 Ἀτρεΐδηςδ’
445 4000 545 4070 ἕπετο
567 4001 730 4091 σφεδανὸν
751 4005 915 4070 Δαναοῖσι
938 4004 1084 4077 κελεύων.

190 4099 227 4172 οἳ
247 4105 284 4172 δε
305 4102 389 4233 παρ’
410 4102 499 4175 ’Ίλου
522 4111 612 4192 σῆμα
633 4105 783 4172 παλαιοῦ
806 4101 1033 4193 Δαρδανίδαο,

188 4205 310 4292 μέσσον
331 4210 404 4276 κάπ
424 4204 557 4290 πεδίον,
579 4230 648 4294 παρ
650 4202 808 4294 ’ἐρινεόν
829 4206 1000 4277 ἐσσεύοντο

187 4310 335 4394 νιέμενοι
357 4310 491 4390 πόλιος·
515 4304 536 4376 δ’
558 4308 595 4376 δὲ
617 4309 784 4396 κεκληκώς
806 4307 899 4377 ἕπετ’
923 4307 992 4378 αἰεί

188 4408 373 4504 Ἀτρείδης,
396 4413 509 4502 λύθρῳ
532 4411 569 4480 δὲ
591 4409 782 4478 παλάσσετο
803 4417 914 4498 χεῖρας
936 4407 1094 4496 ἀάπτους.
1138 4464 1165 4480 .,

1124 4776 1393 4982 m
