2872 5016
200 257 262 323 178
601 261 641 308 ιι.
672 258 851 310 muoz
870 259 894 308 ι

197 410 280 479 κεῖσ’
302 416 429 491 ἵππους
449 435 486 479 τε
507 412 563 479 καί
586 408 664 501 ἅρμ’
689 408 856 495 ἰθύνομεν,
880 406 965 477 ἔνθα
985 408 1134 494 μάλιστα

198 511 322 603 ἱππῆες
344 511 442 596 πεζοί
462 539 508 595 τε,
530 515 632 603 κακὴν
653 510 749 602 ἐριδα
771 508 1001 600 προβαλόντες,

143 643 182 682 ιιι
197 611 355 704 ἀλλήλους
378 614 543 698 ὀλέκουσι,
568 617 630 704 βοὴ
654 612 685 681 δ’
708 610 869 701 ἄσβεστος
891 608 1038 703 όρωρεν.”

238 710 282 797 ὦς
305 714 368 804 ι’ίρα
390 717 545 808 φωνήσας
567 721 684 802 ἵμασεν
706 715 913 804 καλλίτριχας
935 716 1065 797 ἵππους

194 820 333 905 μάστινι
355 823 484 912 λιτυρῇ·
507 820 560 886 τοὶ
584 819 620 886 δέ
642 821 768 908 πλητῆς
790 813 915 907 ἀίοντες

196 918 293 1010 ῥίμφ’
315 919 430 1010 ἐφερον
450 922 535 989 θοὸν
556 920 644 1008 άρμα
665 921 748 1004 μετά
775 921 888 1006 Τρῶας
911 918 968 984 καί
991 916 1156 1005 Ἀχαιούς,

196 1021 381 1108 στείβοντες
400 1023 516 1102 νέκυάς
536 1047 573 1088 τε
594 1021 652 1089 καί
675 1018 831 1100 ἀσπίδας.
877 1023 994 1106 αἵματι
1018 1020 1055 1089 δ’
1079 1021 1165 1105 άξων

144 1152 183 1192 ιιι
197 1123 312 1212 νέρθεν
334 1124 425 1206 άπας
446 1125 642 1192 πεπάλακτο
663 1125 721 1191 καὶ
744 1119 876 1202 άντυτες
898 1120 933 1189 αλ
956 1127 1032 1212 περί
1056 1125 1187 1217 δίφρον,

195 1223 235 1307 δίς
257 1223 310 1315 ἀρ’
334 1224 396 1317 ἀφ)
420 1224 566 1294 ἱππείων
589 1225 716 1294 ὁπλέων
738 1225 945 1314 ῥαθάμιττες
967 1223 1104 1311 ἔβαλλον

194 1333 233 1394 αῖ
251 1324 283 1394 τ’
307 1326 370 1394 ἀπ’
394 1328 616 1417 ἐπισσώτρων.
663 1324 681 1394 ὃ
704 1327 741 1393 δέ
760 1325 851 1394 τίετο
874 1329 968 1395 δῦναι
990 1326 1108 1413 ὅμιλον

194 1428 374 1517 ἀνδρόμεον
395 1428 493 1516 ῥῆξαί
513 1456 549 1496 τε
570 1431 784 1514 μετάλμενος·
807 1428 841 1496 ἐν
864 1429 901 1496 δέ
923 1431 1084 1513 κυδοιμόν

192 1524 251 1619 ἧκε
272 1532 372 1598 κακόν
394 1536 571 1613 Δαναοῖσι,
593 1530 737 1616 μίνυνθα
760 1531 797 1597 δὲ
817 1531 934 1614 χάζετο
957 1534 1082 1619 δουρός.

141 1659 180 1696 ιιι
197 1630 298 1717 αύτάρ
323 1627 340 1698 ό
362 1633 426 1697 τῶν
449 1628 554 1698 ἀλλων
575 1632 782 1699 ἐπεπωλεῖτο
804 1629 917 1714 στίχας
938 1629 1063 1720 ἀνδρῶν

194 1731 281 1818 ἐλχει
303 1730 334 1798 τ’
358 1729 435 1821 άορί
455 1760 491 1800 τε
511 1731 690 1818 μετάλοισί
710 1758 746 1800 τε
766 1731 1009 1821 χερμαδίοισιν,

193 1834 344 1916 Αἴαντος
367 1832 398 1901 δ’
422 1832 546 1903 ἀλέεινε
567 1836 672 1926 μάχην
699 1835 963 1920 Τελαμωνιάδαο.

235 1939 318 2017 Ζεύς
339 1937 377 2005 δέ
399 1940 510 2028 πατηρ
532 1937 668 2007 Αἴανθ’
691 1936 852 2027 ύφίζυνος
873 1937 906 2004 ἐν
928 1938 1033 2027 φόβον
1054 1933 1164 2030 ὦρσεν.

141 2067 179 2107 ιιι
194 2043 255 2129 στῆ
278 2041 315 2107 δέ
335 2040 461 2130 ταφών,
486 2035 611 2107 όπιθεν
633 2039 670 2106 δὲ
693 2040 794 2117 σάκος
814 2036 913 2124 βάλεν
935 2035 1151 2126 ἑπταβόειον,

192 2143 306 2232 τρέσσε
329 2142 366 2209 δὲ
388 2142 566 2231 παπτήνας
587 2138 642 2232 ἐφ’
666 2139 797 2226 ὁμίλου,
821 2139 903 2228 θηρὶ
924 2144 1098 2227 εεεοικοίς,

193 2244 520 2333 ἐντροπαλιζόμενος,
545 2241 656 2312 όλίνον
677 2242 754 2309 νόνυ
775 2240 889 2320 τουνδς
912 2237 1067 2328 ἀμείβων.

192 2344 237 2425 αῖς
259 2342 291 2411 δ)
316 2344 448 2413 αἴθωνα
471 2346 586 2412 λέοντα
607 2347 696 2430 βοῶν
718 2341 788 2411 ἀπὸ
810 2345 1011 2426 μεσσαύλοιο

192 2446 367 2515 ἐσσεύαντο
390 2447 482 2525 κύνες
502 2472 538 2511 τε
559 2446 617 2511 καί
640 2442 750 2532 ἀνέρες
772 2441 967 2533 ἀτροιῶται,

138 2574 177 2612 ιιο
193 2552 228 2615 οῖ
247 2549 285 2614 τέ
305 2575 363 2632 μιν
385 2543 442 2614 ούκ
465 2543 559 2612 εἰῶσι
582 2553 670 2631 βοῶν
691 2545 727 2611 ἐκ
749 2551 832 2633 πῖαρ
855 2543 995 2616 ἑλέσθαι

191 2649 348 2730 πάννυχοι
369 2647 593 2736 ἐνρύσσοντες·
618 2642 637 2715 ό
660 2646 697 2713 δέ
719 2651 836 2735 κρειῶν
857 2648 1013 2737 ἐρατίζων

192 2750 296 2830 ἰθύει,
321 2747 389 2816 ἀλλ’
413 2747 451 2817 ού
471 2776 505 2817 τι
528 2749 685 2839 πρήσσει·
707 2752 835 2835 θαμέες
854 2753 917 2838 νάρ
941 2749 1073 2835 άκοντες

192 2850 300 2921 ἀντίον
323 2849 478 2921 ἀίσσουσι
502 2852 693 2941 θρασειάων
715 2848 785 2919 ἀπό
807 2857 936 2942 χειρῶν,

190 2955 364 3041 καιόμεναί
384 2982 420 3022 τε
443 2952 549 3037 δεταί,
572 2953 633 3035 τάς
654 2979 690 3020 τε
710 2959 780 3043 τρεῖ
801 2954 978 3039 ἐσσύμενός
999 2982 1078 3047 περ·

136 3084 175 3122 ιιι
191 3052 301 3149 η’ὠθεν
324 3057 356 3126 δ’
380 3055 571 3148 ἀπονόσφιν
593 3055 651 3147 ἐβη
674 3057 820 3148 τετιηότι
843 3061 965 3148 θυμῷ·-

189 3154 234 3242 ιδς
256 3159 351 3241 Αλάς
372 3158 443 3227 τότ’
465 3159 535 3228 ἀπό
563 3160 683 3247 Τριιίων
703 3162 892 3252 τετιημένος
914 3158 993 3253 ἦτορ

189 3259 256 3352 ἤιε,
280 3260 374 3340 πόλλ’
398 3263 536 3329 ἀτέκιυν·
560 3265 638 3352 περὶ
659 3266 720 3350 τὰρ
744 3263 795 3332 δίε
817 3267 928 3356 νηυσίν
950 3263 1101 3350 Ἀχαιῶν.

223 3456 271 3504 543
289 3451 358 3508 Ζεὺς
374 3451 428 3524 πάρ
445 3474 491 3506 τοι
510 3453 656 3522 νεμεσάθ,
676 3451 718 3506 ὅτ’
739 3455 868 3526 ἀμείνονι
886 3465 958 3529 φωτὶ
976 3459 1107 3532 μάχοιτο.

223 3539 271 3589 558
291 3537 327 3595 ιὺς
345 3536 371 3588 δ’
393 3533 436 3589 ὅτ’
459 3535 522 3595 ὄνος
542 3537 608 3612 παρ’
630 3537 752 3611 άροιιριιν
771 3541 822 3594 ἐὼν
840 3540 968 3611 ἐβιήσατο
987 3547 1092 3606 παῖδας

288 3620 392 3689 νωθής,
413 3607 434 3690 ᾧ
452 3621 485 3689 δη
505 3623 595 3676 πολλὰ
614 3628 678 3697 περὶ
697 3623 794 3694 ῥόπαλ’
815 3624 906 3698 ἀμφίς
924 3626 1022 3702 ἐνάτη,

222 3711 271 3760 560
289 3714 372 3779 κείρει
392 3704 417 3759 τ’
438 3706 573 3761 εἰσελθὼν
590 3708 663 3776 βαθὺ
681 3707 772 3777 λήιον·
793 3715 821 3763 σί
840 3712 873 3764 δέ
889 3731 918 3766 τε
936 3716 1036 3776 παῖδες

286 3792 438 3847 τύπτουσιν
456 3791 618 3865 ῥοπάλοισι,
637 3801 682 3861 βίη
701 3795 735 3846 δέ
751 3813 779 3848 τε
797 3803 882 3862 νηπίη
900 3796 999 3854 αὐτῶν·

288 3879 398 3950 σπουδῇ
418 3877 442 3930 τ’
462 3876 616 3945 ἐξήλασσαν
633 3880 697 3932 ἐπεί
714 3878 738 3931 τ’
759 3881 926 3952 ἐκορέσσατο
945 3890 1065 3958 φορβῆς·

287 3949 322 4022 ὧς
339 3961 396 4015 τότ’
417 3963 503 4017 ἔπειτ’
524 3971 635 4019 Αἴαντα
651 3970 752 4036 μέταν,
773 3966 952 4038 Τελαμώνιον
971 3971 1044 4038 υίόν,

290 4052 381 4120 Τρῶες
399 4047 557 4121 ὑπέρθυμοι
577 4054 744 4117 τηλεκλειτοί
760 4051 787 4102 τ’
808 4053 953 4126 ἐπίκουροι

222 4137 270 4186 565
290 4134 439 4195 νύσσοντες
456 4139 581 4197 ξυστοῖσι
598 4142 689 4209 μέσον
707 4134 793 4197 σάκος
811 4140 871 4193 αἰέν
888 4142 1002 4197 έποντο.

287 4226 361 4280 Αἴας
378 4219 405 4274 δ’
426 4220 523 4274 άλλοτε
539 4223 593 4294 μὲν
608 4222 786 4295 μνησάσκετο
805 4222 939 4297 θούριδος
958 4228 1044 4297 ἀλκῆς

288 4302 364 4365 αύτις
382 4306 601 4382 ὑποστρεφθείς,
619 4314 665 4362 καὶ
683 4307 851 4385 ἐρητύσασκε
868 4308 1016 4383 φάλαντας

289 4389 392 4465 Τρώιον
410 4391 596 4467 ἱπποδάμων,
616 4393 661 4450 ὁτὲ
680 4397 712 4451 δέ
730 4397 910 4469 τρωπάσκετο
928 4399 1053 4471 φεότειν.

1096 4848 1269 5000 Χ
