2872 5016
505 340 545 390 15.
582 336 763 390 ῙΔῙΔΔΟΣ
782 339 806 388 Ο

105 490 288 571 ἐκπάτλοις
309 491 483 562 εεπέεσσιν
504 490 681 578 ἐνισσέμεν,
705 486 764 573 ολλς
783 490 874 559 τέκεν
895 486 1007 572 αύτός,

106 596 142 660 οἳ
159 599 259 661 εεθεν
281 589 469 685 ὀτρύνοντος
491 590 688 663 άκούσονται
710 593 769 660 καὶ
790 588 946 683 ύνάτκη.”

51 729 92 768 ιυυ
146 698 203 763 τόν
224 693 254 762 δ’
277 693 426 787 ήμείβετ)
449 694 567 764 ἔπειτα
588 697 774 786 ποδήνεμος
795 690 881 763 ιδκέα
903 700 999 783 Ρῖρις

99 793 211 865 “ούτω
231 799 294 886 τδρ
317 797 358 887 δή
379 823 443 881 τοι,
464 797 601 889 σαιήοχε
622 804 825 881 κυανοχαῖτα,

26 937 29 942 v
105 898 201 966 τόνδε
223 903 313 990 φέρω
336 902 398 969 Διὶ
419 904 530 987 μύθου
551 897 680 991 άπηνέα
701 925 737 968 τε
758 899 913 990 κρατερόν
933 924 977 981 τε,

105 992 126 1089 ή
148 1027 182 1067 τι
204 1002 460 1090 μεταστρέψειςς
481 1004 643 1091 στρεπταὶ
664 1000 728 1092 μήν
748 1027 785 1070 τε
806 1002 919 1092 φρένες
939 1000 1078 1069 ἐσθλῶν.

107 1100 223 1171 νοῖσθ’
247 1099 291 1184 υὶς
313 1106 587 1193 πρεσβυτέροισιν
608 1103 730 1193 ἐρινύες
751 1101 822 1172 αὶὲν
844 1099 1012 1172 ἕπονται.”

54 1235 94 1276 205
150 1206 209 1293 τήν
232 1202 264 1272 δ’
288 1198 366 1274 αύτε
387 1207 591 1297 προσέεειπε
611 1205 811 1274 Ποσειδάων
832 1202 1013 1289 ἐνοσίχθων

101 1302 206 1395 ((Ρῖρι
227 1305 310 1390 θεά,
332 1309 422 1393 μάλα
443 1311 540 1377 τοῦτο
561 1307 664 1389 εέπος
685 1309 770 1374 κατά
790 1313 908 1396 μοῖραν
928 1304 1072 1386 έεειπες·

107 1407 229 1476 ἐσθλὸν
250 1412 307 1477 καὶ
329 1411 368 1479 τὸ
388 1411 551 1493 τέτυκται,
575 1408 627 1480 ὅτ’
648 1407 786 1490 άττελος
807 1406 929 1494 αἴσιμα
948 1410 1053 1499 τειδή.

108 1508 191 1578 άλλιὶ
212 1508 285 1581 τόδ’
307 1509 398 1580 αίνδν
419 1509 498 1596 δίχος
519 1510 656 1602 κραδίην
676 1510 733 1577 καὶ
754 1511 865 1596 θυμὸν
886 1505 1002 1591 ὶκάνει,

108 1610 241 1680 ὁππότε
260 1613 441 1702 εισόμορον
460 1614 518 1681 καὶ
541 1611 606 1705 ὁμῇ
626 1611 841 1703 πεπρωμένον
863 1608 942 1701 αίση

56 1744 96 1784 ειο
109 1712 261 1782 νεικείειν
282 1714 420 1807 ἐθέλησε
440 1717 634 1800 χαλεποῖσιν
654 1713 839 1782 εεπέεσσιν.

109 1811 181 1882 ἄλλ’
204 1808 225 1906 ή
245 1841 299 1883 τοι
320 1819 374 1883 νῦν
394 1816 452 1900 μέν
472 1841 511 1884 τε
531 1815 748 1904 νεμεσσηθεὶς
769 1810 969 1895 ύποεείξω.”

54 1940 95 1980 ιιε
151 1910 195 1997 ὧς
214 1918 341 1984 εειπυὶν
362 1915 441 1985 λίπε
462 1918 540 1986 λαὸν
551 1912 725 1999 Ἀχαιικόν
747 1912 954 1994 εἰνοσίταιος,

111 2021 184 2086 δῦνε
207 2018 245 2085 δὲ
267 2018 388 2086 πόντον
410 2016 481 2100 ίών,
505 2019 661 2087 πόθεσαν
683 2013 715 2083 δ’
737 2016 841 2106 ήρωες
861 2013 1000 2099 Ἀχαιοί.

57 2148 97 2191 τεο
110 2120 168 2187 καὶ
189 2117 258 2188 τότ’
273 2117 468 2188 Ἀπόλλωνα
490 2119 641 2212 προσέφη
664 2116 895 2210 νεφελητερέτα
916 2115 1000 2196 Ζεύς

107 2218 224 2308 “ἐ’ρχεο
246 2223 307 2303 νῦν,
332 2219 410 2311 φίλε
435 2226 547 2308 Φοῖβε,
570 2217 652 2306 μεθ’
665 2219 804 2310 Ἕκτορα
823 2214 1098 2306 χαλκοκορυστήν·

112 2319 174 2411 ήδη
196 2321 256 2406 μὲν
276 2323 339 2412 τάρ
361 2348 414 2391 τοι
434 2323 591 2413 ταιήοχος
611 2320 812 2402 εὶνοσίταιος
1103 2366 1106 2370 -

112 2419 309 2507 οἷ’χεταιείς
330 2423 394 2491 άλα
416 2426 498 2507 δῖαν,
520 2422 715 2510 ἀλευάμενος
735 2424 830 2507 χόλον
852 2419 953 2489 αὶπύν

111 2522 280 2614 ἡμέτερον·
302 2526 393 2611 μάλα
412 2524 475 2615 τάρ
497 2552 533 2594 κε
554 2526 660 2615 μάχης
681 2525 848 2594 ἐπύθοντο
869 2524 926 2590 καὶ
948 2518 1055 2604 άλλοι,

58 2655 97 2695 ιυε
112 2630 148 2694 οἵ
167 2652 228 2715 περ
250 2625 392 2717 νέρτεροί
413 2625 478 2696 είσι
501 2626 587 2710 θεοί,
610 2627 737 2716 Κρόνον
759 2623 864 2718 άμφὶς
885 2622 1001 2706 ἐόντες.

111 2724 194 2795 άλλοὶ
215 2725 291 2796 τόδ’
313 2727 395 2818 ήμέν
416 2729 489 2815 ἐμοὶ
513 2730 597 2798 πολύ
619 2730 750 2815 κέρδιον
770 2725 831 2817 ήδδ
851 2732 905 2796 εοῖ
926 2724 1015 2816 αὐτῷ

111 2827 237 2912 ἔπλετο,
261 2828 333 2898 ὅττι
357 2830 507 2919 πάροιθε
527 2833 743 2921 νεμεσσηθεὶς
764 2826 944 2910 ὶπύεειξεν.

112 2928 195 2998 άλλοὶ
216 2932 256 3000 σύ
278 2929 312 2999 τ’
333 2932 368 3001 ἐν
387 2930 533 3021 χείρεσσι
553 2930 631 3019 λάβ’
654 2930 769 3000 αίτίδα
790 2929 1029 3010 θυσανόεσσαν,

59 3068 99 3107 εεο
112 3036 170 3124 τήν
189 3031 268 3120 μάλ’
292 3034 471 3104 ἐπισσείων
492 3035 628 3126 φοβέειν
649 3033 758 3123 ήρωας
778 3029 962 3117 Ἀχαιούς.”

59 3169 99 3209 εει
156 3128 202 3218 ὦς
222 3133 332 3228 ἔφατ’,
357 3134 428 3204 οὐδ’
451 3134 516 3224 άρα
538 3137 665 3223 πατρὸς
687 3132 923 3225 ἀνηκούστησεν
944 3131 1128 3216 Ἀπόλλων,

111 3241 156 3328 βῆ
178 3239 215 3307 δέ
236 3236 312 3306 κατ’
330 3236 458 3307 Ἰδαίων
480 3235 588 3325 ὀρέων,
611 3233 704 3327 λ’ρηκι
724 3236 885 3317 εεεοιιιιύς

112 3337 191 3408 ιδκεῖ
211 3337 428 3433 φασσοφόνῳ,
451 3335 489 3420 ός
508 3337 542 3406 τ’
564 3334 705 3421 ὤκιστος
726 3341 897 3429 πετεηνῶν.

146 3545 195 3596 212
213 3541 280 3597 άλλο
299 3543 334 3597 δέ
349 3562 393 3596 τοι
408 3543 502 3613 τερέω,
521 3543 567 3595 καὶ
585 3539 728 3612 άπειλήσω
745 3542 776 3597 τό
794 3560 827 3597 τε
844 3545 936 3615 θυμῷ.

212 3633 238 3684 εί
253 3648 300 3684 κεν
317 3625 384 3685 ἄνευ
400 3629 504 3702 ἐμέθεν
520 3631 567 3682 καὶ
586 3625 733 3697 Ἀθηναίης
750 3625 882 3696 άτιλείης,

205 3711 293 3788 Ἥρης
307 3712 432 3787 Ἑρμείω
449 3732 478 3769 τε
496 3718 543 3769 καὶ
558 3711 727 3787 Ἡφαίστοιο
744 3710 894 3782 εύνακτος,

146 3801 195 3853 215
213 3805 307 3855 Ριλίου
325 3804 453 3871 αἰπεινῆς
470 3799 668 3874 πεφιδήσεται,
688 3796 751 3854 οὐδ’
770 3797 898 3869 ἐθελήσει

212 3888 354 3960 ἐκπέρσαι,
373 3888 473 3942 δοῦναι
491 3887 522 3942 δὲ
539 3889 613 3958 μέτα
630 3884 731 3963 κράτος
750 3882 930 3958 Ἀρτεέοισιν,

211 3976 297 4026 είστω
314 3969 407 4040 τοῦθ’,
426 3969 472 4026 ὅτι
488 3975 558 4027 νῶιν
574 3968 724 4043 ἀνήκεστος
736 3969 825 4043 χόλος
843 3970 948 4026 έσται.”

146 4057 195 4109 228
209 4062 307 4130 χεῖρας
323 4055 400 4130 έμάς,
419 4060 482 4113 ἐπεὶ
500 4055 533 4112 ού
550 4076 598 4113 κεν
615 4055 750 4132 ἀνιδρωτί
765 4074 798 4111 τε
816 4060 939 4124 τελέσθη.

145 4144 191 4195 231
214 4145 260 4196 σοὶ
277 4139 307 4196 δ’
326 4139 400 4212 αύτῷ
416 4145 523 4214 μελέτω
539 4141 702 4212 νεκατηβύλε
719 4143 859 4215 φαίδιμος
870 4139 981 4214 Ἕκτωρ.

211 4225 303 4302 τόφρα
320 4227 375 4300 τὰρ
394 4219 444 4282 οὖν
459 4247 507 4281 τοι
524 4226 612 4299 ἔτειρε
628 4229 714 4300 μένος
729 4232 814 4302 μέτα,
833 4225 901 4300 ὄφρ’
922 4223 958 4282 ἂν
968 4223 1077 4296 Ἀχαιοί

211 4308 362 4384 φεύτοντες
382 4309 450 4379 νῆάς
466 4329 495 4366 τε
511 4315 559 4366 καὶ
573 4310 778 4381 Ἑλλήσποντον
794 4316 915 4368 ἵκωνται.

210 4403 305 4452 κεῖθεν
322 4393 351 4451 δ’
371 4393 454 4458 αὐτὸς
471 4396 525 4452 m)
541 4395 691 4471 φράσομαι
707 4401 809 4471 κέρκον
825 4417 854 4453 τε
869 4399 958 4458 εέπος
973 4415 1016 4465 τε,

211 4477 249 4542 ὥς
265 4500 295 4536 κε
312 4486 359 4537 καὶ
377 4479 454 4543 αὖτις
473 4481 578 4555 Ἀχαιοὶ
595 4481 793 4541 ἀναπνεύσωσι
811 4479 942 4538 πύνοιο.”
