2872 5016
180 254 246 318 292
583 251 624 299 ιε.
661 249 884 301 mmm

141 439 166 479 ιι
223 397 292 484 εἷος
313 400 335 470 δ
353 402 453 470 ταῦθ’
479 401 623 491 ὥρμαινε
644 402 729 469 κατά
751 403 854 491 φρένα
875 405 933 471 καί
954 405 1040 471 κατά
1061 400 1200 486 θυμόν,

179 505 291 595 τόφρα
311 530 367 572 sot
388 503 529 571 εἐτόθεν
549 496 653 591 ἦλθεν
675 499 800 569 ἀταυοῦ
822 503 989 594 Νέστορος
1009 501 1082 584 υἱός

182 609 309 694 δάκρυα
331 607 441 693 θερμά
462 604 558 688 χέιυν,
583 603 673 693 φάτο
696 600 728 670 δ’
752 602 906 695 ἀττελίην
927 603 1104 696 άλετεινῆν.

176 704 230 773 “ἀί
251 733 324 792 μοι,
348 705 477 794 Πηλέος
498 702 548 772 οίὲ
572 705 766 793 δαΐφρονος,
789 700 810 794 ῆ
831 707 923 792 μάλα
944 710 1062 798 λυτρῆς

181 808 321 875 πεύσεαι
344 805 509 896 ἀταελίης,
532 801 554 894 ῆ
576 807 620 893 μῆ
644 802 770 893 ἀίφελλε
791 807 963 876 τενέσθαι.

141 941 167 978 κο
181 917 288 977 κεῖται
309 911 514 993 Πάτροκλος,
538 908 649 986 νέκυος
671 908 708 974 δὲ
730 909 770 996 δῆ
794 905 1047 998 ἀμφιμάχονται

179 1014 317 1096 τυμνοῦ·
341 1009 424 1097 ἀτάρ
446 1010 488 1076 τά
507 1035 547 1085 ,τε
568 1006 671 1092 τείχε’
694 1007 760 1091 ἔχει
783 1011 1006 1099 κορυθαίολος
1017 1009 1179 1098 Ἕκτωρ.”

223 1105 267 1193 ὦς
288 1112 391 1203 φάτο,
418 1113 472 1177 ιδν
494 1108 527 1178 δ’
550 1108 644 1193 άχεος
666 1112 781 1201 νεφέλη
805 1113 952 1201 ἐκάλυψε
972 1115 1125 1199 μέλαινα,

182 1209 389 1303 ἀμφοτέρῃσι
414 1213 451 1278 δὲ
472 1212 581 1299 χερσίν
602 1210 684 1278 έλιδν
706 1212 798 1278 κόνιν
821 1212 1051 1284 αἰθαλόεσσαν

180 1315 296 1397 χεύατο
318 1317 380 1380 κάκ
403 1313 561 1401 κεφαλῆς,
583 1312 695 1400 χαρίεν
717 1310 748 1378 δ’
772 1309 890 1402 ᾔσχυνε
911 1315 1109 1402 πρόσωπον·

142 1446 167 1483 25
181 1415 340 1501 νεκταρέῳ
364 1415 401 1480 δὲ
422 1415 537 1495 χιτῶνι
558 1411 687 1496 μέλαιν’
712 1411 876 1504 ἀμφίζανε
897 1417 1010 1508 τέφρη.

181 1513 280 1594 αότδς
302 1513 334 1579 δ’
356 1515 389 1581 έν
411 1511 538 1603 κονίησι
560 1515 661 1599 μένας
682 1519 869 1599 μεταλωστί
891 1518 1070 1598 τανυσθείς

181 1623 270 1682 κεῖτο
278 1668 285 1697 ,
310 1614 426 1705 φίλῃσι
451 1617 487 1681 δέ
507 1615 599 1703 χερσί
621 1615 724 1705 κόμην
745 1614 862 1706 ᾔσχυνε
886 1619 1021 1701 δαί“ζων.’

182 1717 290 1800 δμιοαλ
315 1714 355 1797 δ’,
380 1713 419 1795 ἀς
442 1713 590 1799 Ἀχιλεδς
611 1717 771 1806 ληίσσατο
793 1720 988 1809 Πάτροκλός
1008 1747 1057 1803 τε,

181 1820 289 1903 θυμὸν
311 1816 506 1907 ἀκηχέμεναι
528 1819 613 1902 μέτα
634 1820 762 1902 ειάχον,
786 1821 822 1888 ἐκ
846 1824 884 1889 δέ
905 1823 1030 1911 θόραζε

141 1953 167 1990 κο
181 1917 321 2005 ἔδραμον
344 1917 430 2008 ἀμφ’
452 1916 589 2007 Ἀχιλῆα
612 1922 790 2009 δαΐφρονα,
812 1923 904 2009 χερσί
928 1926 965 1990 δέ
986 1927 1096 1992 πᾶσαι

181 2022 309 2110 στήθεα
331 2020 553 2109 πεπλῆτσντο,
576 2021 677 2087 λύθεν
699 2019 731 2087 δ’
753 2019 820 2088 διεδ
842 2030 919 2090 τοῖα
939 2025 1108 2114 εεκάστης.

180 2120 367 2206 Ἀντίλοχος
390 2119 419 2188 δ’
443 2121 604 2209 ἑτέρωθεν
626 2119 761 2209 ἀδόριτο
785 2122 911 2209 δάκρυα
932 2124 1062 2210 λείβιυν,

180 2229 289 2310 χεῖρας
311 2221 392 2306 έχων
414 2221 580 2312 Ἀχιλῆος·
604 2219 622 2288 ό
645 2224 681 2289 δὲ
703 2223 794 2290 στένε
816 2225 997 2310 κυδάλιμον
1018 2229 1092 2316 κῆρ·

182 2324 287 2391 δείδιε
308 2326 370 2411 νάρ
392 2326 437 2411 μῆ
460 2323 580 2407 λαιμόν
603 2319 792 2410 ἀπαμήσειε
815 2325 952 2413 σιδῆριμ.

141 2457 167 2494 ιι
182 2426 379 2512 σμερδαλέον
402 2424 433 2490 δ’
458 2422 598 2511 ᾤμωξεν.
644 2419 764 2490 δίκουσε
787 2425 823 2491 δέ·
846 2427 968 2518 πότνια
989 2429 1094 2519 μήτηρ

181 2525 280 2614 ῆμένη
304 2527 338 2592 έν
360 2525 537 2611 βένθεσσιν
559 2523 638 2602 ἀλδς
659 2526 752 2611 παρά
775 2529 878 2613 πατρί
900 2531 1042 2616 τέροντι,

181 2627 325 2694 κιόκυσέν
346 2623 375 2692 τ’
401 2623 452 2713 ἀρ’
476 2624 610 2693 ἔπειτα·
632 2627 715 2692 θεαί
739 2627 776 2694 δέ
796 2655 853 2711 μιν
876 2626 1120 2720 ἀμφατέροντιι,

182 2731 292 2796 πᾶσαι
315 2726 392 2796 ὅσαι
417 2729 500 2794 κατά
521 2727 644 2813 βένθος
666 2724 745 2805 ἀλδς
767 2728 931 2818 Νηρηίδες
952 2727 1043 2820 ἦσαν.

141 2865 167 2903 ιιι
180 2840 245 2898 τῶν
267 2831 384 2898 δὲκαὶ
407 2827 571 2920 ἀρτόφεον
593 2829 698 2916 πλῆτο
720 2829 835 2910 σιτέος·
859 2828 899 2897 αἳ
919 2830 949 2898 δ’
973 2832 1042 2918 άμα
1065 2836 1172 2901 ιιάσαι

182 2932 311 3023 στήθεα
334 2934 555 3023 ιτειιλῆιοντο,
583 2932 681 3011 Θέτις
703 2929 734 2998 δ’
757 2932 868 3023 ἐξῆρχε
889 2937 994 3003 τόοιο.

176 3034 194 3058 “
203 3038 311 3119 κλῦτε,
334 3038 529 3126 κασίτνηται
552 3033 729 3125 Νηρηίδες,
754 3032 831 3125 ὄφρ’
854 3036 889 3104 έδ
912 3041 1021 3106 πᾶσαι

179 3137 302 3206 εείδεά
326 3136 507 3207 ἀκοόουσαι
531 3135 584 3204 δσ)
606 3137 677 3223 ε’μηῖ
699 3135 747 3202 ἔνι
770 3136 873 3224 κη’δεα
894 3142 1004 3228 θυμῷ.

180 3236 207 3304 ἀί
228 3266 287 3324 μοι
311 3240 374 3307 ἐιά
398 3240 503 3328 δειλή,
527 3235 555 3302 ἀί
575 3264 632 3321 μοι
658 3239 964 3324 δυσαριστοτόκεια,

140 3372 165 3411 ευ
182 3339 203 3427 ῆ
223 3339 254 3405 τ’
277 3341 351 3407 εἰτεί
375 3338 415 3427 ἀρ
437 3342 531 3407 τέκον
552 3336 623 3403 υίδν
646 3334 795 3420 ἀμόμονά
817 3365 853 3405 τε
875 3341 1029 3430 κρατερόν
1049 3369 1099 3423 τε,

231 3527 263 3577 θθ
282 3525 342 3579 ἔνθ’
364 3523 409 3594 ἀρ’
431 3526 479 3591 έην
497 3522 604 3590 Γλαύκη
623 3544 649 3578 τι
671 3521 775 3579 Θάλειά
796 3547 823 3581 τε
843 3527 995 3600 Κυμοδόκη
1015 3549 1054 3591 τε,

278 3617 388 3676 Νησαίη
408 3608 504 3664 Σαειιό
523 3629 549 3663 τε
571 3607 628 3673 Θόη
648 3610 680 3662 θ’
703 3607 776 3675 Ῑίλιή
796 3630 824 3663 ιε
841 3615 959 3681 βοῶπις,

278 3693 417 3767 Κυμοθόη
437 3715 464 3748 τε
483 3698 526 3748 καλ
549 3693 657 3760 Ἀκταίη
676 3697 721 3746 καὶ
740 3692 904 3768 Λιμνώρεια

278 3785 323 3836 καὶ
343 3784 451 3847 Μελίτη
471 3785 516 3832 καὶ
537 3776 629 3851 Ἴαιρα
649 3783 691 3830 καλ
714 3777 857 3851 Ἀμφιθόη
875 3786 921 3835 καὶ
943 3781 1056 3851 Ἀταυῆ,

277 3864 364 3921 Δωτώ
382 3885 409 3920 τε
427 3862 533 3936 Πρωτώ
553 3884 579 3917 τε
600 3862 733 3937 φέρουσά
752 3884 780 3918 τε
799 3869 948 3938 Δυναμένη
967 3886 995 3921 τε

278 3957 421 4025 Δεξαμένη
439 3970 467 4004 τε
486 3951 532 4002 καὶ
551 3946 711 4020 Ἀμφινόμη
730 3952 774 4002 καλ
794 3949 994 4022 Καλλιάνειρα,

227 4041 259 4089 45
278 4040 371 4110 Δωρὶς
388 4041 431 4089 καλ
451 4031 573 4099 Πανόπη
591 4038 636 4084 καὶ
655 4032 800 4102 ἀτακλειτῆ
821 4033 969 4100 Γαλάτεια,

276 4118 422 4195 Νημερτῆς
439 4139 466 4174 τε
486 4121 531 4171 καὶ
549 4116 686 4187 Ἀψευδὴς
704 4124 749 4172 καὶ
768 4120 1001 4177 Καλλινάνασσα·

276 4206 346 4260 ἔνθα
365 4204 391 4257 δ’
413 4206 460 4272 έην
478 4206 607 4275 Κλυμένη
626 4201 757 4278 Ριάνειρά
776 4211 867 4259 τεκαὶ
886 4204 1061 4270 Κλεάνασσα,

277 4297 378 4364 Μαῖρα
396 4293 441 4342 καὶ
457 4288 605 4364 Ὠρείθυια
622 4288 801 4361 ἓυτιλόκαμός
818 4290 843 4342 τ’
866 4289 1016 4364 Ἀμάθεια,

275 4372 355 4427 ἄλλαι
375 4371 406 4428 θ’
426 4377 457 4427 αἳ
475 4372 542 4428 κατά
560 4377 663 4441 βένθος
681 4370 748 4432 άλὸς
764 4376 904 4446 Νηρηίδες
921 4372 1001 4444 ἦσαν.

1087 4782 1240 5002 Χ..
