2872 5016
604 327 654 374 ει.
678 323 900 376 ικιεεοεσ
1238 328 1303 395 395

62 547 67 558 ,
148 499 188 540 515
202 473 260 541 καί
282 470 408 564 Φρυτίη
431 473 632 564 καθύπερθε
652 476 710 543 καί
728 472 967 568 Ἑλλήσποντος
987 476 1146 570 ἀπείρων,

200 576 265 641 τῶν
287 599 336 656 σε,
359 575 468 663 πόρον,
492 576 624 664 πλούτῳ
646 603 683 645 τε
703 581 760 646 καί
781 575 877 647 υίάσι
898 581 984 670 φασὶ
1004 580 1181 650 κεκάσθαι.

202 672 305 761 αάτάρ
328 674 406 744 ἐπεί
426 703 482 747 τοι
503 680 601 771 πῆμα
622 676 696 746 τόδ’
720 674 844 767 ῆτατον
867 678 1081 770 Οάρανίωνες,

201 774 270 845 αίεί
289 801 345 845 τοι
367 780 446 865 περὶ
466 780 570 848 εάοτυ
591 779 698 864 μάχαι
718 777 749 846 τ’
773 777 1008 871 ἀνδροκτασίαι
1028 807 1073 849 τε.

201 873 332 961 άνσχεο,
354 879 434 968 μηδ’
456 878 612 949 ἀλίαστον
634 876 752 970 όδόρεο
773 882 831 949 σὸν
851 883 936 948 κατὰ
957 883 1082 968 θυμόν·

148 1007 189 1048 550
204 976 242 1048 οό
263 979 326 1070 τάρ
347 1005 382 1047 τι
403 981 541 1069 πρήξεις
563 979 767 1072 ἀκαχήμενος
788 973 860 1061 υἷος
881 981 968 1071 ἑῆος,

203 1077 282 1149 αόδί
301 1106 360 1167 μιν
382 1077 571 1172 ἀνστήσεις·
592 1083 673 1173 πρίν
694 1082 751 1150 καί
773 1084 875 1150 κακόν
897 1079 977 1151 ἀλλο
999 1081 1196 1175 πάθησθα.”

243 1183 302 1251 τόν
324 1179 357 1250 δ’
378 1178 528 1272 ἠμείβετ’
551 1180 670 1252 ἔπειτα
689 1184 791 1271 τάρων
811 1180 964 1270 Πρίαμος
983 1183 1163 1273 θεοτειδής

198 1280 272 1372 “μή
294 1283 336 1368 μέ
355 1309 410 1350 πω
432 1283 466 1364 ἐς
487 1284 611 1372 θρόνον
631 1286 693 1366 ἵζε,
717 1284 901 1374 διοτρεφές,
925 1281 1014 1376 όφρα
1034 1311 1089 1353 κεν
1109 1284 1235 1373 Ἕκτωρ

201 1387 299 1476 κῆται
320 1384 369 1452 ἀνί
390 1384 558 1475 κλισίῃσιν
579 1382 717 1475 ἀκηδής,
741 1381 826 1452 ἀλλά
846 1385 989 1468 τάχιστα

146 1514 186 1555 555
200 1489 310 1569 λῦσον,
332 1483 377 1555 ἵν’
399 1483 611 1577 ὀφθαλμοῖσι
631 1485 731 1555 τίδω·
752 1486 793 1554 σά
815 1486 852 1554 δὲ
873 1485 966 1569 δέξαι
988 1483 1140 1555 ἀποινα.”

242 1589 298 1656 τὸν
320 1585 351 1655 δ’
376 1583 430 1676 ἀρ’
451 1583 585 1676 ὗπόδρα
604 1589 707 1655 τιδυλν
728 1587 879 1678 προσέφη
901 1586 1012 1668 πόδας
1033 1583 1118 1669 ιόκάς
1137 1585 1302 1673 Ἀχιλλεύς

147 1685 338 1780 σου“μηκε’τι
359 1691 413 1757 νῦν
434 1685 471 1774 μ’
493 1687 640 1778 ἐρέθιζε,
662 1689 770 1779 νέρον·
792 1688 871 1757 ναίω
895 1691 932 1756 δὲ
953 1690 1011 1758 καί
1034 1688 1133 1770 αι’τός
1205 1763 1206 1766 ,

199 1789 337 1881 Ἕκτορά
357 1816 412 1858 τοι
432 1791 545 1868 λῦσαι,
568 1790 700 1858 Διόθεν
722 1788 760 1857 δέ
778 1814 840 1874 μοι
863 1785 1000 1872 ἀίει-ελος
1020 1786 1124 1881 ήλθεν

198 1892 303 1983 μήτηρ
324 1891 346 1983 ή
366 1888 404 1978 μ’
425 1887 542 1973 ἔτεκεν,
565 1889 714 1981 θυτάτηρ
736 1886 846 1959 άλίοιο
867 1891 1025 1978 τέροντος.

199 1996 257 2062 καὶ
279 1995 316 2062 δὲ
337 1995 375 2062 σί
394 1992 568 2062 τιτνυίσκω
589 1991 723 2080 Πρίαμε
744 1988 883 2082 φρεσίν,Ι
898 1989 977 2060 αάδί
996 2018 1037 2077 με
1058 1993 1188 2083 λήθεις,

200 2093 271 2164 ὅττι
292 2097 382 2164 θεῶν
401 2093 454 2176 τίς
475 2092 506 2164 α’
528 2086 586 2184 ήτε
607 2095 694 2173 θοάς
716 2093 775 2161 ἐπὶ
795 2096 875 2182 νῆας
894 2091 1045 2178 Ἀχαιῶν.

146 2226 185 2268 555
201 2195 237 2266 οά
257 2196 322 2287 τάρ
343 2223 398 2265 κεν
418 2194 514 2287 τλαίη
536 2196 655 2282 βροτός
676 2194 828 2280 ἐλθέμεν,
852 2191 929 2263 οὐδὲ
949 2191 1029 2280 μάλ’
1050 2192 1148 2285 ήβῶν,

198 2299 232 2381 ἐς
254 2299 404 2388 στρατόν·
427 2295 505 2367 οὐδὲ
525 2298 588 2387 πάρ
610 2292 651 2363 ἀν
671 2294 839 2386 φυλάκους
859 2294 977 2377 λάθοι,
1001 2292 1080 2365 οάδό
1100 2294 1135 2364 κ’
1157 2293 1257 2388 ὀχῆας

198 2407 270 2491 ῥεῖα
289 2400 502 2490 μετοχλήοειε
523 2398 659 2488 θυράων
679 2395 874 2488 ἡμετεράων.

197 2510 246 2592 τηί
266 2505 320 2570 νῦν
340 2503 386 2593 μή
407 2527 466 2588 μοι
488 2503 615 2587 μᾶλλον
635 2500 669 2570 ἐν
690 2496 806 2569 δίλτεσι
827 2501 937 2586 θυμὸν
959 2496 1084 2590 όρίνης,

196 2603 243 2693 μή
265 2629 314 2687 σε,
336 2604 444 2693 πόρον,
467 2600 539 2671 οὐδ’
562 2600 659 2670 αάτδν
680 2603 729 2670 ἑνί
749 2600 915 2692 κλισίησιν
936 2602 1023 2671 ἐάσω

145 2736 184 2776 εεο
198 2706 256 2773 καὶ
278 2702 384 2794 ίκέιην
405 2730 468 2793 περ
489 2705 600 2785 ἐόντα,
625 2705 712 2785 Διὸς
734 2700 765 2770 δ’
789 2701 953 2791 ἀλίτωμαι
976 2702 1146 2796 ἐφετμάς.”

141 2795 146 2807 ’
239 2799 285 2888 ὦς
305 2803 411 2897 ἔφατ’,
435 2804 562 2874 ἔδεισεν
584 2802 615 2872 δ’
638 2802 657 2873 ό
677 2804 779 2895 κόρων
800 2806 855 2873 καί
879 2804 1040 2874 ἐπείθετο
1059 2807 1169 2896 μύθῳ.

196 2909 362 2998 Πηλείδης
384 2905 416 2975 δ’
439 2905 548 2977 σ’ίκοιο
571 2907 652 2976 λέων
673 2905 719 2989 ίίς
741 2902 821 2975 άλτο
844 2907 983 2996 θίραζε,

198 3008 256 3079 οὐκ
272 3003 363 3091 οἶος·
387 3007 456 3096 όμα
477 3012 524 3100 τῷ
545 3035 582 3077 τε
605 3008 673 3077 δόω
694 3008 901 3099 θεράποντες
924 3008 1059 3090 ἕποντο,

195 3110 281 3201 ήρως
301 3109 510 3197 Αὐτομέδων
531 3107 587 3202 ήδ’
606 3108 776 3203 Ἄλκιμος,
800 3107 856 3190 σός
877 3116 919 3200 ῥα
939 3109 1086 3194 μάλιστα

92 3289 97 3295 ,
143 3246 182 3286 575
195 3212 239 3281 τῖ’
262 3210 411 3298 Ἀχιλεάς
432 3211 556 3300 ἑτάρων
576 3213 659 3298 μετά
679 3211 872 3300 Πάτροκλόν
891 3199 930 3278 τε
949 3211 1105 3281 θανόντα

196 3312 232 3383 οἳ
250 3313 329 3384 τόθ’
352 3313 420 3385 ὑπὸ
444 3314 581 3406 ζυτόφιν
601 3313 678 3382 λόον
699 3316 826 3393 ἵππους
847 3310 1005 3404 ήμιόνους
1025 3339 1074 3396 τε,

196 3417 230 3497 ἐς
252 3414 284 3485 δ’
306 3413 429 3485 ’ἀι-υτον
450 3417 573 3507 κήρυκα
594 3416 757 3506 καλήτορα
777 3421 850 3484 τοῖο
869 3414 1033 3502 τέροντος,

192 3619 286 3711 ᾕρεον
303 3618 473 3711 Ἑκτορέης
494 3623 639 3711 κεφαλῆς
660 3616 826 3709 ἀπερείσι’
849 3616 984 3688 άποινα.

138 3749 177 3790 εεο
192 3724 257 3789 κάδ
279 3719 309 3789 δ’
333 3720 452 3791 ἔλιπον
474 3722 533 3792 δύο
555 3721 650 3814 φάρε’
674 3721 823 3813 ἐόννητόν
843 3747 880 3789 τε
899 3725 1033 3805 χιτῶνα,

190 3820 278 3914 όφρα
300 3824 390 3893 νέκυν
411 3824 565 3906 πυκάσας
587 3826 660 3916 δοίη
682 3826 835 3893 εοικόνδε
856 3824 1031 3915 φέρεσθαι.

190 3927 305 4010 δμωὰς
325 3924 357 3994 δ’
381 3927 559 4007 ἐκκαλέσας
580 3929 700 3994 λοῦσαι
722 3922 824 3992 κέλετ’
849 3921 938 4015 ἀμφί
957 3923 988 3992 τ’
1013 3923 1167 4017 ἀλεῖψαι,

188 4029 308 4118 νόσφιν
330 4025 501 4119 ἀειράσας,
524 4025 569 4107 ὡς
589 4030 634 4117 μή
656 4025 810 4116 Πρίαμος
831 4024 922 4095 τίδοι
945 4025 1028 4109 υίόν,

224 4285 273 4336 556
291 4280 395 4351 πολλά,
408 4281 441 4336 τά
455 4302 498 4336 τοι
510 4287 643 4356 φέρομεν.
680 4284 715 4340 σὺ
728 4287 759 4342 δὲ
771 4284 855 4342 τῶνδ’
870 4285 1005 4353 ἀπόναιο,
1017 4288 1065 4340 καὶ
1078 4286 1171 4346 ἔλθοις

290 4367 343 4437 σὴν
354 4368 382 4429 ἐς
394 4369 519 4442 πατρίδα
529 4374 629 4438 ταῖσιν,
647 4370 714 4425 ίπεί
722 4388 759 4444 με
771 4375 883 4446 πρῶτον
896 4371 980 4432 ἔασας

290 4448 376 4508 αὐτόν
387 4471 416 4507 τε
428 4449 505 4516 ζώειν
516 4457 563 4508 καὶ
575 4450 647 4528 ὁρᾶν
657 4455 732 4527 φάος
743 4454 857 4524 ἠελίοιο.
