2872 5016
598 289 639 341 18.
670 286 895 343 ΙΛΙΑΔΟΣΝ

192 439 295 530 κῆρας
318 433 476 530 όιομένφ,
499 441 649 523 πάτατος
672 445 709 513 δέ
728 470 764 512 τε
784 441 903 512 τίννεώ
928 440 1083 512 ὀδόντων·

193 543 254 610 τοῦ
276 537 308 609 δ’
331 536 465 611 ἀταθοῦ
488 541 557 635 οὔτ’
581 540 621 634 ἀρ
643 545 803 636 τρέπεται
822 547 918 636 χρώς,
942 540 1015 614 σ’ότε
1035 572 1070 614 τι
1091 545 1164 638 λίην

138 678 180 720 „5
193 649 320 734 ταρβεῖ,
343 642 421 712 έπεί
441 671 495 712 κεν
515 649 647 736 πρῶτον
668 646 816 738 ἐσίζηται
838 649 934 731 λόχον
956 644 1093 737 ἀνδρῶν,

194 743 315 835 ἀρᾶται
339 746 375 813 δὲ
395 746 536 830 τάχιστα
556 749 735 838 μιτήμεναι
759 749 792 818 ἐν
815 751 874 817 δαὶ·
894 753 1026 840 λυτρῇ),

195 845 272 916 ου’δέ
291 873 347 934 κεν
367 845 452 916 ένθα
472 848 546 916 τεόν
565 875 604 916 τε
623 849 721 935 μένος
742 851 801 917 καί
821 855 931 938 χεῖρας
952 846 1071 918 όνοιτο.

195 946 231 1017 εί
247 973 311 1040 περ
332 950 396 1040 τάρ
417 977 453 1018 τε
474 953 557 1041 βλήο
579 950 773 1037 πονεύμενος
793 948 832 1042 ήὲ
852 950 1002 1041 τυπείης,

196 1048 253 1119 οόκ
275 1046 317 1119 ἀν
337 1050 372 1120 έν
393 1047 500 1136 αὐχέν’
523 1049 652 1120 όπισθε
673 1052 773 1120 πέσοι
794 1053 893 1138 βέλος
915 1050 988 1120 οόδ)
1010 1053 1059 1121 ἐνί
1080 1052 1188 1143 νώτῳ,

141 1184 182 1224 τοι
197 1150 279 1220 ἀλλά
301 1177 356 1221 κεν
377 1149 401 1244 ή
421 1152 560 1244 στέρνων
581 1148 604 1244 ἢ
625 1154 744 1243 νηδύος
765 1151 949 1221 ἀντιάσειεν

193 1254 330 1345 πρόσσω
351 1254 516 1340 νιεμένοιο
537 1255 620 1339 μετὰ
642 1253 821 1344 προμάχων
840 1256 1032 1383 εοαριστόν.

194 1352 309 1423 ἀλλ”
286 1382 345 1424 ατε
366 1356 484 1447 μηκέτι
505 1357 607 1423 ταῦτα
620 1356 806 1480 λετώμεθα
825 1357 982 1447 νηπότιοι
1004 1357 1049 1440 ῶς

194 1454 360 1541 ἑσταότες,
382 1457 428 1548 μή
450 1457 517 1526 ποό
539 1483 591 1537 τις
612 1438 827 1549 όπερφιάλως
848 1460 1023 1584 νεμεσήση·

194 1557 276 1626 ἀλλὰ
297 1559 337 1628 σό
358 1585 397 1627 τε
417 1558 583 1649 κλισίηνδε
603 1561 684 1628 κιών
706 1560 778 1629 ἕλευ
800 1557 1008 1648 ἀρ”ιβριμον
986 1562 1110 1647 ετχος.”

141 1695 181 1736 ιοε
237 1653 282 1742 ῶς
302 1661 400 1751 φάτο,
423 1663 599 1754 Μηριόνης
621 1665 657 1731 δὲ
678 1668 755 1754 θοῷ
777 1662 958 1744 ἀτάλαντος
976 1660 1074 1755 Ἀρηι

193 1765 411 1854 καρπαλίμως
431 1766 606 1857 κλισίηθεν
627 1765 772 1835 ἀνείλετο
792 1768 929 1852 χάλκεον
951 1763 1057 1848 έτχος,

193 1868 238 1956 βῆ
260 1865 297 1934 δέ
318 1863 390 1952 μετ’
407 1863 577 1958 Ἰδομενῆα
598 1868 682 1952 μέτα
704 1867 888 1951 πτολέμοιο
909 1869 1069 1956 μεμηλώς.

195 1960 267 2049 οἷος
289 1968 326 2035 δὲ
345 1971 559 2058 βροτολοιτὸς
577 1967 678 2059 ’Άρης
699 1967 882 2055 πολεμόνδε
903 1969 1061 2054 μέτεισιν,

193 2072 243 2160 τῶ
265 2071 302 2138 δέ
324 2070 437 2156 Φόβος
458 2069 557 2161 φίλος
577 2068 649 2151 υίὸς
670 2070 739 2157 όίμα
760 2072 915 2159 κρατερός
936 2070 993 2137 καί
1015 2067 1160 2161 ἀταρβής

142 2202 183 2244 ιοο
198 2171 334 2255 ἕσπετο,
359 2169 396 2253 ός
417 2169 448 2238 τ’
471 2159 827 2264 έφόβησεταλάφρονά
849 2198 912 2258 περ
935 2173 1151 2262 πολεμιστήν·

195 2273 242 2342 τώ
262 2275 322 2360 μέν
343 2269 397 2362 άρ)
419 2272 456 2340 ἐκ
481 2274 611 2364 Θρῄκης
629 2271 786 2366 Ἐφόρους
806 2273 890 2360 μέτα
911 2274 1153 2363 θωρήσσεσθον

196 2373 235 2464 ήὲ
254 2376 338 2461 μετά
362 2373 510 2454 Φλετόας
530 2375 767 2466 μεταλήτορας·
791 2373 861 2444 οὐδ’
884 2373 948 2464 όίρα
968 2376 1017 2444 τώ
1037 2402 1075 2445 τε

195 2474 309 2545 έκλυον
330 2472 535 2567 ἀμφοτέρων,
559 2475 703 2567 ἑτέροισι
726 2478 763 2547 δὲ
783 2481 881 2560 κῦδος
902 2477 1041 2547 ἔδωκαν·

194 2585 282 2647 τοῖοι
303 2567 478 2669 Μηριόνης
497 2605 534 2647 τε
555 2582 612 2649 καί
632 2579 808 2667 Ἰδομενεός
829 2578 907 2650 ἀτοί
929 2578 1054 2670 ἀνδρῶν

144 2677 296 2773 κατήισαν
316 2680 351 2762 ἐς
372 2679 530 2766 πόλεμον,
553 2684 792 2774 κεκορυθμένοι
814 2681 944 2752 α’ίθοπι
964 2686 1083 2773 χαλκῶ.

194 2786 252 2853 τόν
271 2783 329 2851 καὶ
351 2783 523 2873 Μηριόνης
544 2784 705 2876 πρότερος
726 2787 810 2876 πρὸς
830 2787 939 2871 μόθον
959 2783 1099 2853 έεειπεν.

191 2883 209 2911 “
217 2883 418 2975 Δευκαλίδη,
441 2888 490 2976 πῇ
511 2883 543 2952 τ’
567 2883 608 2976 ἀρ
629 2890 772 2975 μέμονας
793 2889 972 2955 καταδῦναι
995 2888 1126 2972 όμιλονχ

195 2981 217 3078 ή
238 2986 298 3056 ἐπὶ
320 2987 473 3078 δεξιόφιν
494 2991 618 3071 παντός
640 2993 794 3078 στρατοῦ,
816 2985 837 3079 ή
861 2986 922 3056 ἀνά
943 2987 1099 3073 μέσσους,

195 3087 216 3181 ή
238 3087 296 3158 ἐπ’
318 3087 548 3181 ἀριστερόφιν,
569 3092 647 3159 έπεὶ
668 3089 706 3159 οό
728 3098 819 3158 ποθι
840 3090 1006 3174 τέλπομαι
1028 3089 1132 3170 οὕτως

142 3221 182 3261 ιιο
196 3192 358 3262 δεόεσθαι
379 3191 543 3277 πολέμοιο
564 3193 646 3283 κόρη
668 3191 857 3278 κομόωντας
878 3188 1058 3275 Ἀχαιοός.”

236 3297 293 3364 τόν
315 3292 346 3362 δ’
369 3290 441 3362 αὖτ’
460 3291 636 3378 Ἰδομενεὺς
658 3295 797 3383 Κρητῶν
819 3289 899 3373 ἀτὸς
920 3289 1029 3360 ἀντίον
1050 3289 1134 3383 ηόδα

190 3396 311 3489 ανηυσὶ
330 3398 389 3484 μὲν
410 3397 444 3466 έν
464 3397 625 3486 μέσσῃσιν
647 3390 803 3479 ἀμυνέμεν
825 3392 891 3463 είσί
912 3394 969 3461 καί
991 3392 1098 3480 άλλοι,

194 3497 342 3581 Αἴαντές
361 3525 398 3568 τε
420 3497 488 3568 δόω
515 3497 657 3587 Τεῦκρός
678 3494 726 3580 θ’,
750 3491 787 3577 λίς
809 3493 944 3588 ἀριστος
965 3493 1107 3582 Ἀχαιῶν

194 3603 364 3694 τοξοσύνῃ,
387 3598 518 3682 ἀταθός
540 3600 654 3668 δὲκαὶ
676 3598 710 3668 έν
731 3601 850 3692 σταδίη
873 3599 1006 3693 όσμίνη·

141 3733 181 3775 ιιι
195 3710 230 3775 οἵ
247 3733 306 3793 μιν
327 3703 410 3797 όίόην
431 3703 552 3773 ἐλόωσι
573 3704 631 3771 καὶ
653 3702 827 3788 ἐσσόμενον
848 3703 1026 3790 πολέμοιο,

186 3809 325 3899 Ἕκτορα
344 3805 548 3898 Πριαμίδην,
573 3804 602 3874 εἰ
623 3805 681 3873 καί
702 3805 792 3892 μάλα
813 3806 970 3894 καρτερός
990 3805 1089 3875 ἐστιν.

196 3908 278 3978 αίπό
299 3937 355 3980 τοι
377 3910 535 3991 ἐσσεῖται,
558 3908 647 3994 μάλα
669 3934 732 3998 περ
753 3911 904 3994 μεμαῶτι
924 3908 1109 3993 μάχεσθαι,

194 4010 310 4082 κείνων
330 4011 498 4103 νικήσαντι
519 4012 614 4099 μένος
635 4013 693 4079 καί
714 4017 823 4102 χεῖρας
848 4010 997 4092 ἀάπτους

194 4118 274 4206 νῆας
295 4114 487 4203 ἐνιπρῆσαι,
511 4113 566 4182 ότι
586 4115 630 4204 μή
655 4110 752 4192 αότός
773 4139 811 4181 τε
832 4111 981 4204 Κρονίων

140 4246 180 4288 ιιο
194 4218 337 4307 ἐμβάλοι
360 4214 538 4302 αἰθόμενον
559 4218 657 4284 δαλόν
677 4215 790 4304 νήεσσι
812 4219 941 4308 θοῇσιν.

194 4319 289 4410 ἀνδρί
312 4323 349 4390 δέ
370 4317 402 4388 κ’
426 4316 464 4389 οό
483 4318 603 4402 εείξειε
623 4317 725 4405 μένας
750 4317 957 4404 Τελαμώνιος
977 4312 1088 4404 Αίας,

194 4419 232 4506 λίς
252 4423 377 4516 θνητός
397 4420 429 4492 τ’
452 4419 504 4515 ε’ίη
526 4423 584 4491 καί
607 4421 678 4492 όδοι
700 4418 894 4511 Δημήτερος
916 4416 1035 4513 ἀκτήν,
