2872 5016
142 221 208 287 316
547 224 588 285 λθ.
625 220 804 274 ῙΛῙΑΔΟΣ
824 225 849 274 Τ

143 371 249 457 στάξ’,
271 376 326 441 ἵνα
345 373 392 464 μή
413 401 471 460 μιν
491 377 590 461 λιμὸς
611 371 756 466 ἀτερπής
775 372 918 444 fodra&
938 378 1068 461 ίκοιτο,

88 500 128 542 ιιι
143 474 224 565 αὐτή
247 477 285 543 δὲ
306 478 391 563 πρδς
411 477 539 565 πατρὸς
559 477 750 565 ἐρισθενέος
770 479 908 547 πυκινδν
930 479 979 546 δῶ

143 573 254 666 η’ίχετο.
298 578 352 645 τοί
375 575 407 644 δ’
430 574 603 646 ἀπάνευθε
623 587 703 647 νεῶν
723 578 851 665 ἐχέοντο
873 579 998 648 θοάων.

142 676 188 759 ὦς
209 677 242 745 δ’
265 678 319 748 ότε
339 685 497 769 ταρφεῖαι
517 680 657 770 νιφάδες
678 683 765 761 Διὸς
784 680 1015 766 ἐκποτέονται,

141 779 279 871 ψυχραί,
302 780 369 848 δπδ
392 783 493 870 ῥιπῆς
515 780 729 872 αἰθρητενέος
752 781 896 870 Βορέαο,

141 873 187 962 ὦς
206 882 281 950 τότε
302 888 459 973 ταρφεῖαι
480 883 622 972 κόρυθες
643 883 797 971 λαμπρὸν
815 882 983 953 τανόυισαι

88 1010 128 1050 εει
141 986 225 1073 νηῶν
246 984 441 1074 ἐκφορέοντο
462 986 519 1052 καί
542 983 686 1064 ἀσπίδες
707 980 937 1074 ὀμφαλόεσσαι

142 1085 292 1175 θώρηκές
312 1112 348 1154 τε
369 1086 606 1175 κραταιτόαλοι
627 1086 685 1154 καί
706 1084 836 1171 μείλινα
858 1088 970 1176 δοῦρα.

142 1184 239 1278 αἰτλη
263 1185 295 1254 δ’
318 1185 453 1277 ου’·ρανδν
473 1181 537 1271 ἷκε,
558 1189 697 1257 πέλασσε
719 1186 756 1254 δὲ
777 1188 872 1256 πάσα
892 1187 970 1277 περὶ
991 1188 1087 1272 χθυίν

140 1291 263 1372 χαλκοῦ
284 1285 352 1356 δπδ
375 1291 552 1379 στεροπῆς·
574 1287 642 1357 δπδ
664 1289 702 1357 δὲ
722 1288 846 1370 κτύπος
867 1285 990 1381 ἀίρνυτο
1011 1291 1143 1361 ποσσίν

143 1387 275 1479 ἀνδρῶν.
320 1389 355 1457 ἐν
376 1390 413 1457 δὲ
434 1391 569 1474 μέσοισι
590 1393 768 1478 κορύσσετο
790 1393 862 1472 δῖος
882 1388 1060 1476 Ἀχιλλεύς.

88 1520 128 1560 εεο
142 1493 300 1581 κνημῖδας
320 1491 379 1575 μέν
400 1493 516 1577 πρῶτα
536 1493 614 1583 περί
637 1493 797 1583 κνήμῃσιν
816 1490 938 1584 ἔθηκεν

140 1590 257 1674 καλάς,
280 1588 487 1682 ἀρτυρέοισιν
508 1592 724 1685 ἐπισφυρίοις
746 1591 919 1684 ἀραρυίας·

142 1692 291 1782 δεότερον
313 1687 354 1762 αὖ
375 1694 515 1783 θώρηκα
536 1697 616 1782 περὶ
638 1696 820 1787 στήθεσσιν
841 1693 959 1764 ἔδυνεν.

142 1792 229 1886 ἀμφὶ
252 1794 285 1863 δ’
309 1794 362 1885 ἀρ’
385 1794 526 1885 ὤμοισιν
546 1797 669 1885 βάλετο
691 1798 789 1892 ξίφος
810 1794 1011 1890 ἀρτυρόηλον

139 1898 290 1982 χάλκεον·
314 1897 417 1990 αάτάρ
440 1897 559 1968 ἔπειτα
581 1903 683 1983 σάκος
703 1901 788 1987 μέτα
809 1926 845 1968 τε
866 1899 1026 1991 στιβαρόν
1045 1926 1083 1968 τε

141 2002 259 2084 είλετο,
282 2004 339 2070 τοῦ
362 2000 393 2069 δ’
416 2000 588 2071 ἀπάνευθε
609 2003 706 2083 σέλας
726 1998 829 2071 τένετ’
851 1997 931 2092 ήάτε
951 2001 1062 2092 μήνης.

87 2128 126 2169 επ
140 2099 185 2183 ιδς
207 2100 238 2169 δ’
262 2101 313 2172 ὅτ’
336 2099 376 2171 ἀν
397 2103 434 2173 ἐκ
456 2105 598 2175 πόντοιο
620 2105 717 2186 σέλας
738 2104 877 2194 ναότησι
898 2103 1008 2196 φανήῃ

139 2204 331 2290 καιομένοιο
354 2206 470 2297 πυρός·
491 2211 532 2276 τά
554 2208 591 2276 δὲ
613 2208 744 2276 καίεται
766 2204 877 2298 ὑψόθ’
901 2202 1040 2297 ἔρεσφιν

139 2310 283 2396 σταθμῷ
303 2307 338 2375 έν
360 2306 524 2398 οἰοπόλῳ·
545 2312 623 2391 τοδς
644 2308 676 2377 δ’
700 2308 758 2377 οἰκ
779 2307 958 2389 ἐθέλοντας
979 2305 1097 2377 άελλαι

139 2408 260 2478 πόντον
282 2406 340 2477 ἔπ’
363 2407 540 2492 ἰχθυόεντα
562 2410 668 2501 φίλων
689 2407 862 2480 ἀπάνευθε
884 2410 1055 2502 φέρουσιν·

140 2502 185 2590 ὦς
207 2507 268 2576 ἀπ>
290 2507 462 2599 Ἀχιλλῆος
484 2512 601 2593 σάκεος
622 2513 719 2594 σέλας
740 2509 852 2599 αἰθέρ’
874 2515 984 2581 ἵκανεν

87 2638 127 2679 τεο
141 2612 242 2680 καλοῦ
265 2606 449 2680 δαιδαλέου.ι
495 2615 573 2703 περί
596 2615 635 2681 δέ
655 2614 857 2705 τρυφάλειαν
878 2610 992 2703 ἀείρας

138 2714 234 2803 κρατὶ
255 2716 340 2783 θέτο
361 2713 517 2805 βριαρήν·
539 2709 562 2804 ἣ
584 2712 616 2783 δ’
638 2712 739 2806 ἀστήρ
761 2711 807 2796 δίς
829 2712 1027 2801 ἀπέλαμπεν

138 2821 301 2909 ἵππουρις
321 2818 519 2908 τρυφάλεια,
542 2816 770 2908 περισσείοντο
792 2814 824 2886 δ’
847 2815 981 2908 ἔθειραι

137 2921 287 3009 χρύσεαι,
310 2916 350 3002 ἀς
362 2921 555 3013 Ἥφαιστος
576 2925 609 3013 λη
632 2920 735 3012 λόφον
756 2916 845 3012 ἀμφὶ
866 2919 1020 3004 θαμείας.

139 3023 289 3114 πειρήθη
312 3024 350 3091 δὲ
369 3026 426 3092 τεῦ
449 3021 557 3093 αὐτοῦ·
570 3024 605 3094 έν
626 3021 732 3092 ἔντεσι
754 3024 825 3102 δῖος
846 3018 1029 3106 Ἀχιλλεύς,

85 3152 125 3193 σεε
140 3122 169 3192 εἰ
191 3132 248 3194 τοί
268 3125 494 3217 ἐφαρμόσσειε
515 3128 573 3195 καί
594 3127 737 3215 ἐντρέχοι
759 3120 867 3191 ἀτλαά
887 3128 979 3191 τυῖα·

137 3229 184 3315 τῷ
207 3225 239 3293 δ’
265 3220 336 3295 εὖτε
357 3230 464 3319 πτερά
484 3226 615 3310 fimf,
638 3225 729 3319 ἀειρε
751 3226 789 3295 δὲ
811 3223 955 3311 ποιμένα
976 3226 1071 3293 λαῶν.

138 3326 176 3394 ἐκ
199 3326 232 3394 δ’
256 3325 320 3417 ἀρα
341 3331 496 3419 σόριττος
517 3329 688 3420 πατρώιον
709 3324 873 3397 ἐσπάσατ’
896 3324 988 3414 ἔτχος

137 3430 242 3516 βριθδ
263 3429 348 3514 μέτα
370 3431 541 3520 στιβαρόν·
564 3433 603 3498 τδ
624 3431 682 3516 μὲν
705 3427 742 3498 οά
765 3428 876 3497 δύνατ’
898 3425 995 3510 ἀλλος
1015 3425 1161 3512 Ἀχαιῶν

138 3529 290 3613 πάλλειν,
314 3528 397 3598 ἀλλά
417 3558 476 3616 μιν
498 3526 569 3614 οἶος
589 3531 751 3600 ἐπίστατο
773 3533 878 3622 πῆλαι
900 3528 1081 3615 Ἀχιλλεύς,

84 3660 124 3699 ευο
138 3632 296 3723 Πηλιάδα
317 3632 446 3724 μελίην,
469 3635 528 3723 τήν
548 3633 653 3722 πατρί
675 3632 763 3726 φίλφ
786 3633 872 3721 πόρε
892 3630 1024 3722 Χείρων

138 3733 266 3826 Πηλίου
288 3736 325 3806 ἐκ
347 3740 505 3828 κορυφῆς,
529 3737 631 3828 φόνον
653 3735 790 3824 ἔμμεναι
811 3734 983 3826 ήριόεσσιν.

139 3841 268 3919 ἵππους
291 3836 326 3906 δ>
348 3837 555 3926 Αάτομίδων
575 3866 612 3908 τε
632 3841 689 3907 καί
710 3836 869 3925 ’Άλκιμος
890 3834 1118 3929 ἀμφιέποντες

25 4007 27 4009 ,
140 3941 300 4021 ζεότνυον·
323 3940 412 4035 ἀμφὶ
434 3943 472 4011 δὲ
492 3945 578 4011 καλά
599 3941 738 4011 λέπαδν>
760 3942 850 4024 ἔσαν,
873 3940 907 4009 ἐν
929 3940 967 4009 δὲ
987 3937 1137 4024 χαλινούς

172 4120 221 4171 365
240 4125 289 4174 τοῦ
307 4126 353 4176 καὶ
371 4121 496 4179 ὀδόντων
511 4123 565 4193 μὲν
582 4120 686 4191 καναχὴ
705 4123 783 4185 πέλε,
802 4117 839 4173 τά
858 4120 893 4173 δέ
907 4137 954 4173 τοι
973 4113 1040 4172 άσσε

237 4208 406 4278 λαμπέσθην
424 4207 461 4267 ἀς
478 4211 505 4261 εί
521 4223 549 4260 τε
566 4205 655 4277 πυρὸς
674 4208 765 4270 σέλας,
784 4205 815 4261 ἰν
832 4205 866 4258 δέ
880 4224 927 4259 τοι
944 4194 1012 4275 ἦτορ

238 4288 300 4345 δῦν’
321 4288 390 4362 ἀχος
407 4291 537 4361 ἀτλητον·
556 4286 572 4344 ὃ
592 4290 618 4344 δ’
639 4286 694 4363 ἀρα
714 4295 825 4365 Τρωσὶν
840 4295 996 4363 μενεαίνων

236 4371 337 4429 δύσετο
356 4377 432 4449 δῶρα
451 4379 534 4443 θεοῦ,
553 4372 587 4430 τιί
604 4395 650 4431 τοι
663 4372 821 4448 Ἥφαιστος
839 4373 910 4447 κάμε
928 4371 1041 4444 τεύχων.

1047 4780 1243 5000 χ
