2872 5016
189 293 233 354 44
596 297 618 342 ν.
657 292 879 344 mmm

189 444 225 525 ἐξ
243 443 388 526 Ἐνετῶν,
412 444 492 512 ὅθεν
513 442 656 534 ἡμιόνων
677 450 770 527 νένος
791 446 1010 536 ἀτροτεράων,

191 551 227 614 οἵ
246 553 287 636 ῥα
310 547 463 633 Κάτωρον
484 543 554 628 ἐχον
576 549 632 613 καί
654 548 809 638 Σήσαμον
831 547 1057 641 ἀμφενέμοντο

190 646 278 735 ἀμφί
298 674 334 714 τε
354 647 546 736 Παρθένιον
566 651 718 734 ποταμόν
739 653 839 716 κλυτά
863 646 989 734 δώματ’
1010 646 1131 729 ἔναιον,

137 776 176 815 ιιι
191 749 352 838 Κρῶμνάν
369 745 403 814 ,τ’
426 747 595 817 Αἱτιαλόν
617 777 652 816 τε
674 752 731 817 καὶ
753 751 899 841 όψηλσδς
918 747 1117 839 Ἐρυθίνους.

233 845 333 937 αι’·τάρ
355 846 538 930 Ἁλιζώνων
558 848 666 930 Ὀδίος
686 853 744 918 καί
762 851 983 943 Ἐπίστροφος
1003 847 1101 940 ἦρχον

189 949 328 1038 τηλόθεν
350 950 386 1031 ἐξ
406 949 558 1041 Ἀλύβης,
583 951 665 1019 ὅθεν
686 950 825 1043 ἀρνόρου
848 953 919 1021 ἐστὶ
940 951 1087 1041 νενέθλη.

232 1054 359 1117 Μυσῶν
382 1052 418 1117 δέ
440 1053 572 1140 Χρόμις
592 1045 667 1142 ἦρχε·
689 1055 744 1118 καί
765 1050 925 1138 ’Ἔννομος
946 1052 1133 1143 οἰωνιστής·

191 1147 259 1216 ἀλλ’
281 1147 339 1218 οέκ
362 1150 507 1220 οἰωνοῖσι
530 1153 710 1241 κεράσσατο
732 1157 814 1243 κῆρα
835 1155 1004 1239 μέλαιναν,

137 1248 258 1318 εωάλλ
281 1251 384 1342 ἐδάμη
406 1253 474 1320 όπδ
496 1255 586 1338 χερσὶ
611 1255 781 1333 ποδώκεος
803 1254 980 1322 Αἰακίδαο

189 1353 223 1421 ἐν
245 1357 397 1442 ποταμῷ,
422 1354 481 1420 ὅθι
506 1378 568 1440 περ
595 1356 710 1442 Τρῶας
730 1356 862 1443 κεράιζε
882 1358 940 1424 καὶ
961 1355 1088 1437 ἀλλους.

234 1454 362 1540 Φόρκυς
384 1446 424 1518 αὖ
449 1454 579 1540 Φρύνας
600 1448 659 1543 ἦτε
681 1459 737 1524 καί
761 1456 931 1538 Ἀσκάνιος
953 1460 1128 1547 θεονειδης

189 1552 259 1643 τῆλ’
282 1555 319 1633 ἐξ
341 1552 526 1644 Ἀσκανίης·
549 1555 700 1640 μέμασαν
722 1556 754 1623 δ’
776 1556 887 1643 ὗσμῖνι
909 1560 1088 1644 μάχεσθαι.

234 1656 370 1747 Μῄοσιν
393 1650 433 1721 αδ
456 1655 621 1746 Μέσθλης
641 1684 677 1724 τε
699 1661 754 1724 καὶ
774 1654 932 1749 ’Άντιφος
956 1661 1163 1750 ηνησάσθην,

136 1789 175 1830 εει
190 1752 241 1825 υἷε
267 1757 496 1842 Ταλαιμένεος,
519 1760 565 1824 τώ
587 1759 711 1849 Γυναίη
733 1760 806 1827 τέκε
827 1760 937 1852 λίμνη,

192 1855 229 1926 οἳ
246 1861 303 1927 καὶ
326 1858 465 1949 Μῄονας
487 1852 564 1950 ἦσαν
587 1858 654 1929 δπδ
681 1862 807 1954 Τμώλῳ
828 1867 1004 1944 νεναῶτας.

232 1961 365 2052 Νάστης
387 1954 427 2029 αδ
447 1964 568 2052 Καρῶν
588 1961 736 2052 ηνήσατο
758 1965 1037 2054 βαρβαροφώνων,

189 2061 225 2132 οἳ
243 2063 397 2155 Μίλητον
418 2061 490 2147 ἔχον
513 2068 650 2154 Φθιρῶν
672 2063 701 2132 τ’
726 2061 802 2153 όρος
824 2063 1063 2154 ἀκριτόφυλλον

191 2168 390 2257 Μαιάνδρου
411 2192 447 2233 τε
469 2169 549 2255 ῥοάς
571 2167 733 2258 Μυκάλης
754 2166 787 2234 τ’
810 2165 947 2235 αἰπεινά
969 2167 1101 2257 κάρηνα.

137 2299 176 2339 ιω
190 2272 253 2336 τῶν
274 2271 331 2354 μὲν
354 2265 406 2356 άρ)
429 2265 638 2358 Ἀμφίμαχος
659 2270 717 2336 καὶ
739 2270 873 2359 Νάστης
893 2268 1102 2360 ηιησάσθην,

190 2371 324 2457 Νάστης
345 2367 555 2457 Ἀμφίμαχός
575 2395 625 2450 τε,
648 2370 813 2452 Νομίονος
836 2369 944 2438 άνλαά
965 2373 1074 2454 τέκνα,

191 2466 228 2552 ὃς
250 2471 306 2536 καὶ
327 2470 444 2557 χρυσόν
466 2465 546 2550 έχων
568 2467 745 2551 πολεμόνδ
768 2465 818 2535 ίεν
839 2468 916 2559 ἦάτε
937 2472 1052 2562 κούρη,

110 2645 113 2650 ,
192 2572 324 2662 νήπιος,
350 2568 428 2639 οάδέ
448 2567 483 2636 τί
504 2595 559 2637 νοι
582 2569 620 2636 τό
641 2566 674 2636 s'
696 2569 856 2660 ἐπήρκεσε
878 2573 993 2662 λυτρδν
1015 2571 1170 2665 όλεθρον,

193 2671 260 2742 ἀλλ’
284 2673 391 2762 ἐδάμη
413 2672 482 2738 δπδ
503 2673 596 2760 χερσὶ
618 2672 790 2754 ποδώκεος
811 2671 986 2743 Αἰακίδαο

140 2803 179 2842 αι
194 2776 227 2844 ἐν
249 2776 406 2861 ποταμῷ,
428 2775 547 2861 χρυσόν
569 2770 600 2841 δ’
622 2771 770 2858 Ἀχιλεὺς
792 2774 948 2861 ἐκόμισσε
970 2778 1128 2868 δαΐφρων.

233 2877 421 2967 Σαρπηδών
444 2872 475 2942 δ’
498 2867 593 2965 ἦρχεν
613 2874 752 2943 Λυκίων
774 2879 831 2945 καὶ
855 2880 1001 2960 Γλαῦκος
1024 2877 1159 2965 ἀμύμων

169 2973 172 2981 ’
192 2980 332 3070 τηλόθεν
353 2979 389 3046 ἐκ
411 2974 557 3066 Λυκίης,
580 2976 718 3050 Ξάνθου
741 2974 811 3045 ἀπο
834 2980 1008 3070 δινήεντος.

156 3089 175 3151 8
235 3077 337 3168 αὐτάρ
359 3079 435 3148 ἐπεὶ
456 3079 625 3169 κόσμηθεν
647 3077 707 3167 ἀμ’
728 3076 925 3171 ἡνεμόνεσσι
945 3083 1115 3167 κέκασται,

197 3186 304 3270 Τρῶες
324 3180 384 3267 μέν
405 3185 528 3275 κλαννῇ
550 3179 579 3249 τ’
602 3183 708 3274 ἐνοπῇ
728 3180 759 3250 τ’
781 3180 870 3266 ίσαν,
895 3179 1028 3274 όρνιθες
1050 3185 1107 3267 ῶς,

100 3358 103 3362 ,
191 3283 268 3374 ἦότε
290 3309 353 3371 περ
375 3287 497 3375 κλαννη
520 3286 663 3372 νεράνων
685 3287 780 3355 πέλει
803 3283 965 3375 οὐρανόθι
986 3289 1068 3378 πρό,

193 3389 231 3453 αἵ
250 3383 282 3452 τ’
304 3385 381 3452 ἐπεὶ
404 3378 459 3453 οὖν
479 3388 624 3470 χειμῶνα
647 3388 751 3475 φόνον
772 3389 829 3454 καὶ
853 3387 1048 3480 ἀθέσφατον
1070 3387 1207 3481 όμβρον,

167 3490 318 3578 ικλαννῇ
340 3485 397 3554 ταί
417 3513 455 3554 τε
476 3485 632 3553 πέτονται
654 3485 710 3553 ἐπ’
731 3485 894 3557 Ὠκεανοῖο
917 3490 1038 3579 ῥοάων,

193 3588 331 3679 ἀνδράσι
354 3588 563 3674 Πυνμαίοισι
585 3586 684 3678 φόνον
706 3591 763 3658 καὶ
785 3592 868 3679 κῆρα
889 3590 1065 3678 φέρουσαι·

193 3690 303 3783 η’έριαι
327 3688 360 3759 δ’
384 3688 448 3778 δίρα
469 3689 526 3757 ταί
546 3716 583 3757 τε
605 3692 706 3780 κακήν
728 3688 824 3779 ἔριδα
846 3693 1086 3783 προφέρονται·

196 3791 233 3863 οἳ
252 3793 282 3861 δ’
307 3790 360 3884 δίρ)
382 3791 460 3860 ἰ’σαν
481 3800 562 3882 σιτῇ
583 3793 683 3877 μένεα
704 3792 873 3872 πνείοντες
885 3790 1030 3879 Ἀχαιοί,

192 3898 227 3965 ἐν
248 3903 349 3986 θυμῷ
370 3897 541 3980 μεμαῶτες
564 3891 716 3979 ἀλεξέμεν
739 3890 936 3984 ἀλλήλοισιν.

155 4024 180 4061 ιι
239 3990 304 4065 εδτ>
328 3995 421 4088 δ’ρεος
442 3999 607 4086 κορυφῇσι
629 3995 739 4075 Νότος
761 3996 930 4079 κατέχευεν
951 3992 1098 4088 ὀμίχλην,

194 4100 354 4185 ποιμέσιν
376 4096 415 4167 οὔ
436 4125 470 4166 τι
492 4096 603 4188 φίλην,
626 4097 748 4186 κλέπτῃ
772 4096 865 4164 δέτι
886 4099 998 4180 νυκτδς
1019 4096 1155 4185 ἀμείνω·

192 4201 312 4270 τόσσον
332 4198 384 4282 τίς
405 4199 435 4268 τ’
459 4200 519 4269 ἐπὶ
540 4199 670 4268 λεόσσει
693 4197 770 4268 ὅσον
791 4198 822 4265 τ’
845 4199 904 4267 ἐπὶ
925 4203 1007 4268 λᾶαν
1028 4203 1131 4291 ἵησιν·

194 4294 240 4384 ῶς
262 4299 326 4391 άρα
348 4311 413 4369 τῶν
434 4301 503 4369 δπδ
524 4302 629 4369 ποσσὶ
651 4296 823 4378 κονίσαλος
844 4295 956 4390 ὤρνυτ’
981 4299 1096 4391 ἀελλής

194 4403 388 4494 ἐρχομένων·
410 4404 500 4488 μάλα
523 4406 552 4471 δ’
579 4395 648 4470 ώκα
671 4400 872 4489 διέπρησσον
893 4402 1034 4472 πεδίοιο.
