2872 5016
198 279 237 342 48
604 281 627 326 3.
671 275 888 327 ιΛιΑΔοΣυ

142 456 180 495 135
195 427 317 497 άσπίσι
340 429 532 515 κεκλιμένοι,
555 432 648 517 παρά
671 427 701 497 δ’
724 427 821 514 ἐσχεα
841 431 951 518 μακρά
973 429 1132 522 πέπητεν.

195 529 297 620 αύτάρ
311 529 523 621 Ἀλέξανδρος
544 532 600 600 καί
624 529 801 622 άρηίφιλος
824 534 997 613 Μενέλαος

192 637 320 724 μακρῇς
341 633 485 726 ἐτχείῃσι
507 634 711 724 μαχήσονται
733 633 812 720 περὶ
834 640 916 701 σεῖο·

193 740 241 825 τῷ
263 737 301 803 δέ
322 762 360 804 κε
380 737 548 826 νικήσαντι
569 734 648 826 φίλη
672 736 810 826 κεκλήσῃ
833 732 995 817 ὀίκοιτις.”

237 831 282 919 ὦς
302 842 464 906 εειπσῦσοι
484 840 552 907 θεοὶ
573 841 690 905 τλυκύν
711 842 823 924 ἵμερον
845 835 966 925 ἔμβαλε
989 841 1088 927 θυμῷ

142 964 179 1001 ιιο
194 936 312 1026 άνδρός
333 968 369 1008 τε
392 941 554 1031 προτέρου
577 943 633 1007 καί
656 940 793 1018 τάστεος
815 937 875 1028 ήόὲ
896 938 1030 1027 τοκήων.

194 1039 311 1109 αὐτίκα
334 1041 366 1109 δ’
390 1041 559 1134 άρτεννῃσι
581 1042 794 1132 καλυψαμένη
819 1037 981 1130 ὀθόνῃσιν

194 1141 318 1229 ιόρμᾶτ’
342 1144 378 1211 ἐκ
400 1146 585 1230 θαλάμοιο,
608 1144 699 1233 τέρεν
719 1143 804 1210 κατὰ
828 1142 930 1229 δάκρυ
952 1141 1082 1226 χέουσα,

194 1243 251 1312 ούκ
275 1243 345 1335 οἰή·
370 1246 438 1331 άμα
460 1251 499 1336 τῃ
521 1272 559 1312 τε
582 1246 639 1311 καί
662 1242 852 1335 ἀμφίπολοι
876 1241 928 1311 δύ’
952 1243 1088 1325 ἕποντο,

194 1345 316 1436 Αἰθρη
339 1347 665 1436 Πιτθῆσςθυτάτηρ
689 1349 838 1436 Κλυμένη
861 1373 896 1414 τε
917 1349 1057 1433 βοῶπις.

55 1510 57 1514 .
141 1471 177 1510 145
193 1443 282 1538 αἶψα
305 1446 336 1514 δ’
359 1447 472 1517 ἔπειθ’
496 1452 608 1516 ἵκανον
630 1447 692 1516 ὅθι
713 1450 836 1516 Σκαιαὶ
858 1449 963 1515 πύλαι
985 1441 1075 1538 ἦσαν.

192 1545 228 1617 οἳ
248 1548 279 1615 δ’
302 1547 389 1639 ἀμφὶ
411 1552 564 1638 Πρίαμον
585 1551 642 1617 καὶ
664 1551 824 1618 Πάνθοον
845 1547 905 1639 ήδὲ
928 1548 1094 1640 Θυμοίτην

193 1649 343 1736 Λάμπον
363 1679 399 1718 τε
421 1651 563 1721 Κλυτίον
585 1651 622 1719 θ’
642 1650 806 1719 Ἱκετάονά
827 1649 857 1717 τ’
882 1647 957 1733 όζον
976 1648 1107 1739 >Άρηος,

162 1819 165 1824 ,
196 1748 389 1821 Ούκαλέτων
410 1780 445 1822 τε
467 1756 525 1821 καί
546 1751 723 1842 Ἀντήνωρ,
748 1752 942 1837 πεπνυμένω
966 1751 1082 1843 ἰίμφω,

193 1856 284 1923 εἵατο
308 1857 538 1947 δημοτέροντες
560 1857 619 1924 ἐπὶ
640 1858 783 1945 Σκαιῇσι
805 1850 970 1946 πύλῃσιν,

140 1975 177 2013 1⁵0
191 1954 290 2044 τήραι
313 1960 354 2047 δή
377 1959 538 2045 πολέμοιο
561 1955 783 2041 πεπαυμένοι,
808 1954 877 2024 ἄλλ’
900 1954 1059 2046 άτυρηταί

191 2057 324 2142 ἐσθλοί,
347 2061 529 2130 τεττίτεσσι
551 2060 752 2141 τετοικότες,
777 2061 813 2127 οἳ
831 2085 869 2126 τε
890 2056 973 2126 καθ>
995 2059 1071 2148 ύλην

192 2162 330 2252 δενδρέῳ
353 2163 544 2254 ἐφεζόμενοι
565 2163 659 2230 εόπα
680 2161 887 2248 λειριόεσσαν
909 2158 1020 2228 ἰεῖσιν·

190 2267 278 2329 τοῖσι
300 2261 364 2352 άρα
391 2265 510 2352 Τρώων
532 2262 690 2353 ήτήτορες
710 2256 780 2351 ήντ)
802 2262 861 2330 ἐπὶ
885 2263 1007 2353 πύρτηι.

194 2359 230 2428 οἳ
251 2362 282 2429 δ)
306 2363 350 2443 ιύς
372 2358 427 2431 σύν
448 2363 599 2432 τείδονθ)
619 2363 747 2450 Ἑλένην
768 2361 828 2429 ἐπὶ
850 2364 974 2451 πύρνον
996 2361 1122 2442 ἰοῦσαν,
1158 2447 1161 2452 .

140 2491 178 2529 ια»
192 2466 277 2551 νῆκα
300 2466 382 2551 πρὸς
405 2462 563 2553 ἀλλήλους
583 2464 691 2531 εέπεα
713 2463 882 2547 πτερόεντ’
905 2462 1069 2552 άτόρευον.

187 2560 252 2631 ((ού
274 2565 405 2649 νέμεσις
431 2566 544 2651 Τρῶας
566 2566 622 2632 καί
645 2564 841 2653 ἐυκνήμιδας
862 2563 1016 2651 Ἀχαιούς

191 2663 298 2755 τοιῇδ’
322 2663 409 2756 άμφί
431 2667 562 2732 τυναικί
584 2667 687 2734 πολύν
708 2666 822 2753 χρόνον
844 2664 945 2735 ἰίλτεα
967 2669 1123 2751 πάσχειν·

193 2765 288 2846 αἰνῶς
311 2764 502 2857 οἰθανάτῃσι
526 2774 623 2848 θεαῖς
645 2766 692 2847 εἰς
714 2762 791 2834 ιύπα
812 2771 968 2838 τέτοικεν.

193 2866 274 2936 άλλά
297 2872 352 2937 καί
375 2863 431 2952 ὧς,
454 2868 525 2960 τοίη
549 2898 612 2959 περ
635 2871 731 2954 ἐοῦά,
756 2874 789 2941 ἐν
810 2875 903 2963 νηυσὶ
925 2874 1068 2950 νεέσθω,

140 2996 177 3032 ιω
191 2969 270 3060 μηδ’
292 2969 368 3060 ἡμῖν
388 2973 534 3041 τεκέεσσί
553 2972 585 3041 τ’
609 2972 740 3043 ὀπίσσω
764 2978 858 3065 πῆμα
879 2972 1041 3044 λίποιτο.”

232 3065 276 3152 ὦς
298 3070 352 3162 ἄρ)
374 3072 468 3166 ἔφαν,
491 3077 644 3166 Πρίαμος
667 3076 698 3146 δ’
717 3079 844 3168 Ἑλένην
866 3077 1065 3147 ἐκαλέσσατο
1088 3077 1190 3167 φωνῇ.

185 3170 204 3195 “
213 3176 307 3262 δεῦρο
329 3176 476 3266 πάροιθ’
498 3181 659 3265 ἐλθοῦσα,
683 3186 781 3275 φιλον
802 3181 908 3262 τέκος,
932 3181 1000 3263 ἵζευ
1023 3179 1125 3265 ἐμεῖο,

190 3271 277 3366 όφρα
298 3276 375 3366 τίδῃ
399 3282 559 3368 πρότερόν
578 3311 614 3351 τε
637 3286 737 3353 πόσιν
759 3285 866 3373 πηούς
886 3310 922 3351 τε
944 3283 1061 3374 φίλους
1081 3305 1126 3346 τε.

190 3374 229 3444 ού
248 3377 282 3444 τί
303 3405 360 3464 μοι
385 3379 475 3469 αἰτίη
498 3381 583 3448 ἐσσί·
607 3385 686 3451 θευί
707 3386 743 3452 νύ
764 3411 824 3471 μοι
848 3383 955 3452 αἰτιοι
978 3383 1075 3463 εἰσίν,

139 3507 176 3546 ιω
194 3482 230 3546 οἵ
248 3506 306 3566 μοι
330 3480 530 3572 ἐφώρμησαν
552 3483 697 3567 πόλεμον
719 3485 926 3572 πολύδακρυν
937 3483 1089 3567 Ἀχαιῶν.

190 3581 234 3662 ὥς
254 3609 314 3667 μοι
336 3585 392 3650 καί
414 3582 504 3652 τόνδ’
527 3581 629 3674 άνδρα
652 3586 815 3675 πελιύριον
836 3585 1043 3676 ἐξονομήνῃς,

190 3681 226 3764 ὃς
247 3712 298 3766 τις
321 3683 373 3753 ὅδ’
395 3687 484 3753 ἐστίν
507 3683 643 3770 Ἀχαιός
665 3683 743 3776 άνήρ
766 3684 824 3776 ήός
844 3713 880 3754 τε
901 3687 1003 3773 μέν-ας
1023 3711 1066 3754 τε.

190 3778 209 3874 ἦ
230 3813 283 3855 τοι
304 3788 364 3873 μὲν
386 3792 514 3880 κεφαλῇ
537 3788 593 3855 καί
615 3787 762 3873 μείζονες
784 3786 878 3856 άλλοι
903 3786 1010 3870 ἔασιν,

188 3890 288 3956 καλὸν
311 3889 342 3956 δ’
365 3891 450 3958 οὕτω
473 3891 555 3958 έτιδν
577 3888 617 3958 ού
637 3915 691 3957 πιο
713 3890 809 3959 τίδον
831 3888 1072 3982 ὀφθαλμοῖσιν,

71 4059 76 4065 ,
137 4017 174 4054 ιιι)
188 3987 261 4057 ούδ)
283 3992 367 4059 οὕτω
388 3995 538 4083 τεραρόν·
560 3994 698 4080 βασιλῆι
719 3996 781 4080 κάρ
804 3989 898 4082 ἀνδρὶ
919 3991 1094 4061 ,εέτοικεν.”

231 4095 288 4160 τόν
312 4094 343 4161 δ’
363 4092 472 4185 Ἑλένη
494 4096 656 4181 μύθοισιν
678 4090 845 4180 ἀμείβετο,
869 4100 925 4163 δῖα
946 4098 1115 4164 τυναικῶν.

184 4190 203 4216 “
211 4192 339 4277 αἰδοῖός
360 4197 397 4264 τέ
417 4197 478 4284 μοί
498 4199 585 4278 ἐσσι,
609 4196 686 4287 φίλε
707 4196 833 4281 εεκυρέ,
858 4200 965 4282 δεινός
986 4226 1035 4268 τε·

202 4292 211 4318 t
253 4294 272 4319 >l

187 4322 231 4375 ως
253 4301 368 4387 οφελεν
389 4299 537 4380 θάνατός
558 4323 617 4384 μοι
641 4295 733 4365 άδεῖν
753 4299 867 4384 κακός,
891 4301 1026 4372 ὁππότε
1049 4303 1144 4390 δεῦρο

187 4395 252 4467 υἰεῖ
272 4403 322 4490 σῷ
343 4398 482 4491 ἑπόμην,
505 4403 660 4486 θάλαμον
681 4399 823 4479 τνωτούς
843 4429 878 4470 τε
898 4408 1047 4475 λιποῦσα
