2872 5016
511 269 554 319 τι.
591 264 810 319 mmm?
1143 268 1211 335 285

113 415 206 502 αἶτις
229 417 290 488 ἀπ’
313 417 577 506 Αὐτομέδοντος.
624 416 644 490 δ
667 419 699 489 δ’
723 418 896 505 εὐξάμενος
916 422 977 490 Διί
1001 419 1105 512 πατρί

113 519 214 611 ἀλκῆς
235 524 292 590 καὶ
314 523 452 604 σθένεος
473 526 580 613 πλῆτο
602 522 722 613 φρένας
743 520 996 612 ἀμφιμελαίνας.

60 653 100 693 εσυ
115 620 233 690 αὐτίκα
256 621 289 691 δ’
310 622 548 710 Ἀλκιμέδοντα
570 624 757 715 προσηίδα,
782 625 903 691 πιστόν
925 621 1063 712 ἑταῖρον,

30 787 32 790 ⁴
107 722 334 810 ς(Ἀλκίμεδον,
357 729 402 816 μή
428 727 467 815 δή
489 753 549 812 μοι
571 723 772 815 ἀπόπροθεν
794 724 923 810 ἰσχέμεν
944 729 1086 809 ἵππους,

112 825 193 894 ἀλλά
214 826 290 913 μάλ)
312 825 502 914 ἐμπνείοντε
523 829 730 919 μεταφρένῳ·
753 823 790 894 οό
811 828 874 914 τδρ
897 825 962 894 ἐτιό
983 855 1021 895 τε

109 926 251 1016 Ἕκτορα
273 927 464 1018 Πριαμίδην
485 931 599 1014 μένεος
620 928 805 1018 σχήσεσθαι
828 926 888 994 όίω

112 1029 192 1119 πρίν
213 1027 246 1097 s'
268 1028 323 1098 ἐπ’
347 1028 520 1120 Ἀχιλλῆος
541 1031 726 1119 καλλίτριχε
748 1029 888 1119 βήμεναι
910 1035 1007 1099 ἵππω

58 1137 98 1199 τὀε
113 1135 172 1197 νῶι
193 1129 460 1213 κατακτείναντα,
483 1131 633 1222 φοβῆσαί
653 1158 690 1199 τε
711 1130 825 1214 στίχας
848 1129 971 1220 ἀνδρῶν

112 1229 280 1326 Ἀρτείων,
303 1229 325 1321 ή
346 1229 378 1298 κ’
401 1230 498 1312 αότδς
520 1232 567 1300 ἐνὶ
590 1232 755 1319 πριότοισι
776 1230 917 1322 ταλιόη.”

155 1327 201 1415 ὦς
221 1335 348 1401 τειπιδν
368 1331 501 1401 Αἴαντε
523 1334 706 1402 καλέσσατο
728 1339 785 1402 καὶ
808 1334 986 1402 Μενέλαον.

107 1432 256 1503 ((Αίαντ)
278 1433 435 1525 Ἀρι-τίων
457 1432 609 1526 ήτήτορε,
632 1438 689 1503 καὶ
712 1438 877 1517 Μενέλαε,

111 1532 132 1628 ἦ
154 1563 207 1605 τοι
227 1538 288 1624 μὲν
308 1540 364 1607 τὸν
385 1539 497 1625 νεκρόν
518 1536 725 1626 ἐπιτράπεθ)
749 1541 866 1626 οἵπερ
890 1533 1036 1624 ἀριστοι,

59 1668 99 1708 510
114 1636 200 1731 ἀμφ’
223 1637 311 1730 αι’τῴ
332 1640 476 1726 βεβάμεν
497 1641 553 1706 καὶ
577 1636 763 1724 ἀμύνεσθαι
785 1638 898 1721 στίχας
921 1637 1060 1728 ἀνδρῶν,

100 1731 192 1808 ’νῶιν
214 1741 251 1809 δὲ
274 1743 404 1822 ζωοῖσιν
425 1740 561 1826 ἀμύνετε
582 1743 690 1830 νηλεὲς
712 1734 814 1828 ήμαρ·

112 1846 192 1933 τῇδε
212 1844 274 1930 τδρ
297 1841 433 1931 έβρτσαν
455 1843 599 1926 πόλεμον
619 1841 703 1907 κάτα
726 1841 924 1928 δακρυόεντα

112 1945 239 2032 Ἕκτωρ
261 1942 406 2023 Αἰνείας
426 1940 477 2025 θ’,
501 1940 538 2010 οἳ
562 1943 681 2031 Τρώων
704 1939 787 2008 εἰσὶν
810 1938 951 2027 ἀριστοι.

114 2042 182 2111 ἀλλ’
204 2040 225 2133 ἦ
247 2070 302 2112 τοι
323 2044 384 2129 μέν
404 2046 507 2110 ταῦτα
529 2047 619 2111 θεῶν
641 2045 674 2111 ἐν
695 2042 830 2110 τοίνασι
853 2049 973 2111 κεῖται·

60 2178 100 2219 515
115 2145 184 2237 ἥσω
205 2147 267 2236 τδρ
291 2147 347 2212 καὶ
369 2145 447 2228 ἐτιό,
470 2147 512 2212 τά
535 2148 572 2214 δέ
592 2173 646 2213 κεν
667 2144 731 2214 Διὶ
753 2144 861 2209 πάντα
883 2144 1047 2234 μελήσει.”

157 2243 179 2338 ἦ
201 2254 256 2337 ῥα,
278 2249 337 2315 καὶ
359 2246 565 2332 ἀμπεπαλὼν
587 2248 687 2337 προΐη
712 2247 922 2329 δολιχόσκιον
945 2245 1050 2330 ἐτχσς,

113 2351 170 2418 καὶ
192 2349 292 2435 βάλεν
311 2346 468 2438 Ἀρήτοιο
490 2345 564 2416 κατ)
587 2346 717 2416 ἀσπίδα
739 2346 878 2416 πόντου)
900 2345 1023 2439 ἐείσην·

114 2447 137 2542 ἢ
160 2449 190 2520 δ’
216 2449 273 2519 οὐκ
297 2448 393 2535 ἐτχυς
414 2448 508 2539 ἔρυτο
516 2501 525 2530 ,
551 2452 678 2537 διαπρό
702 2451 739 2517 δέ
762 2449 877 2519 εἴσατο
898 2452 1028 2535 χαλκός,

114 2552 242 2645 νειαίρῃ
266 2551 295 2620 δ’
319 2553 353 2621 ἐν
372 2553 491 2642 ταστρὶ
514 2553 573 2619 διὰ
597 2554 759 2642 ζωστῆρος
779 2550 922 2620 έλασοεν.

60 2691 101 2732 520
116 2654 161 2736 ιδς
184 2654 216 2723 δ>
239 2653 289 2723 ὅτ’
313 2650 352 2721 ἀν
375 2653 450 2737 όξδν
470 2653 551 2737 έχων
573 2655 713 2722 πέλεκυν
735 2652 861 2743 αἰζήιος
883 2652 964 2745 ἀνήρ

115 2758 227 2846 κόψας
248 2757 409 2839 ἐξόπιθεν
430 2757 554 2844 κεράων
575 2758 654 2842 βοός
676 2754 854 2843 ἀτραόλοιο

114 2864 188 2927 τῖνα
209 2857 296 2949 τάμῃ
321 2861 377 2926 διά
399 2862 524 2942 πᾶσαν,
548 2853 567 2926 δ
590 2859 626 2926 δέ
648 2858 828 2944 προθοριδν
848 2856 1017 2947 ἐρίπῃσιν,

115 2954 161 3041 ὦς
183 2956 236 3050 ἀρ’
260 2960 277 3029 δ’
297 2987 336 3028 τε
357 2962 537 3051 προθορὼν
559 2960 660 3028 πέσεν
681 2957 814 3037 ὕπτιος·
838 2958 872 3024 ἐν
894 2959 931 3024 δέ
950 2985 1006 3027 τοι
1027 2956 1121 3043 έτχος

114 3060 281 3151 νηδυίοισι
302 3061 376 3147 μάλ’
402 3059 457 3143 όξδ
480 3061 738 3150 κραδαινόμενον
759 3060 814 3125 λίε
834 3064 921 3125 τυῖα.

63 3195 103 3237 ονε
114 3162 241 3254 Ἕκτωρ
265 3160 296 3230 δ’
318 3162 574 3248 Αότομέδοντος
596 3162 751 3229 ἀκόντισε
774 3161 867 3246 δουρὶ
891 3165 1033 3251 φαεινῷ·

117 3261 186 3332 ἀλλ’
208 3260 227 3333 δ
249 3266 308 3350 μέν
331 3261 412 3331 άντα
432 3266 537 3333 νιδιδν
559 3261 699 3354 η’λεόατο
720 3261 856 3345 χάλκεον
878 3259 983 3348 έτχος·

115 3367 253 3458 πρόσσω
273 3369 336 3454 τδρ
359 3367 537 3457 κατέκυψε,
560 3369 599 3435 τό
621 3363 652 3433 δ’
676 3364 838 3446 ἐξόπιθεν
861 3365 940 3453 δόρυ
961 3367 1088 3458 μακρόν

116 3466 209 3537 οόδετ
232 3466 452 3559 ἐνισκίμφθη,
476 3468 536 3536 ἐπὶ
559 3465 591 3535 δ’
615 3464 766 3557 σι’·ρίαχος
789 3465 975 3557 πελεμίχθη

116 3568 242 3656 ἐνχευς·
267 3566 352 3636 ἐυθα
374 3568 408 3637 δ’
431 3567 541 3637 ἔπειτ’
564 3566 648 3661 ἀφίη
670 3573 768 3657 μένος
790 3570 956 3662 όμβριμυς
975 3573 1084 3663 Ἀρης.

63 3673 175 3749 ωοκαί
196 3674 232 3739 υό
255 3698 291 3739 κε
314 3675 353 3763 δή
376 3671 525 3764 ξιφέεσσ’
548 3672 743 3759 αὐτοσχεδόν
766 3674 983 3768 ιδρμηθήτην,

118 3773 148 3843 εἰ
169 3774 216 3863 μή
238 3771 326 3865 σφω’
347 3772 480 3843 Αἴαντε
503 3778 670 3866 διέκριναν
690 3787 855 3864 μεμαῶτε,

51 3958 57 3965 .
118 3879 154 3944 οἵ
173 3874 202 3966 ρ’
226 3870 330 3964 ἦλθον
352 3874 435 3945 καθ’
457 3877 572 3964 ὅμιλον
594 3875 725 3967 ἑταίρου
748 3880 991 3969 κικλήσκοντος.

116 3979 193 4058 τούς
214 3974 501 4068 ὑποταρβήσαντες
522 3979 689 4070 ἐχώρησαν
711 3982 814 4048 πάλιν
836 3976 930 4063 αὖτις

118 4076 245 4168 Ἕκτωρ
266 4077 409 4158 Αἰνείας
429 4105 465 4146 τε
485 4082 561 4147 τιδέ
582 4080 733 4168 Χρομίος
753 4085 946 4173 θεοτειδής,

64 4177 254 4271 ειτἈρητον
276 4180 314 4248 δέ
336 4183 484 4248 καταῦθι
506 4180 604 4249 λίπον
627 4184 838 4270 δεδαῖτμένον
858 4181 938 4276 ήτορ

118 4281 274 4368 κείμενον.
318 4281 524 4368 Αὐτομέδων
547 4284 585 4351 δέ
605 4291 683 4374 θοιβ
706 4283 885 4368 ἀτάλαντος
905 4285 1002 4377 ’Άρηι

118 4386 232 4471 τεύχεά
252 4383 284 4452 τ’
306 4386 468 4476 ἐξενάριξε
489 4385 546 4452 καὶ
568 4383 740 4472 εὐχόμενος
760 4389 862 4470 τέπος
882 4387 976 4480 ηόδιι.
