2872 5016
609 305 651 353 16.
689 299 867 352 ΙΛΙΑΔΟΣ
885 300 913 351 11

211 452 299 545 όφρα
321 455 410 546 φίλῳ
430 455 510 542 περὶ
531 455 635 523 παιδὶ
655 457 762 545 μάχης
783 451 878 534 ὀλοὸς
899 451 1002 532 πόνος
1024 447 1085 542 ε’ίη.

252 551 341 625 ὦσαν
363 557 400 623 δὲ
421 555 581 646 πρότεροι
607 559 715 644 Τρῶες
735 554 923 636 εελίκωπας
945 553 1111 638 Ἅχαιοάς·

155 686 195 726 σω
208 660 312 748 βλῆτο
333 660 396 745 τδρ
419 656 457 724 οίί
478 683 512 725 τι
534 657 693 738 κάκιστος
715 656 795 749 άνὴρ
816 658 900 744 μετὰ
921 656 1206 745 Μυρμιδόνεσσιν,

207 757 280 839 υἱός
301 757 482 849 Ἀτακλῆος
502 761 711 846 μεταθάμου,
736 761 807 840 δῖος
826 756 1008 841 Ἐπειτεάς,

208 861 246 941 δς
268 859 299 951 ρ’
321 861 355 928 ἐν
377 860 528 952 Βουδείῳ
549 862 585 929 έδ
607 863 772 952 ναιομένῳ
793 861 952 952 κη’νασδεν

175 1028 180 1035 .
205 964 245 1031 τδ
269 962 363 1051 πρίν·
386 959 468 1050 ἀτάρ
489 963 564 1031 τότε
584 960 617 1030 τ’
641 964 764 1032 έσθλδν
785 961 924 1054 ἀνεψιόν
945 960 1131 1052 ἐξεναρίξας
1245 1023 1247 1026 ,

207 1063 241 1143 ές
262 1061 370 1154 Πηλῆ’
393 1061 539 1133 ἱκέτευσε
560 1066 618 1132 καὶ
640 1067 675 1146 ἐς
699 1066 796 1134 Θέτιν
818 1062 1007 1154 α’ριυρόπεζ
1051 1089 1059 1106 ·

153 1193 192 1234 ειε
207 1163 242 1233 οἳ
260 1164 292 1232 δ’
314 1164 373 1252 ἅμ’
395 1165 546 1256 Ἀχιλλῆα
568 1166 720 1258 ῥηξήνορι
743 1168 876 1253 πέμπον
898 1164 1045 1234 ἕπεσθαι

205 1264 319 1334 Ρίλιον
341 1266 388 1349 εἷς
409 1269 571 1346 έάπωλον,
594 1273 649 1337 ἵνα
675 1267 824 1358 Τρώεσσι
846 1267 996 1354 μάχοιτο.

203 1368 260 1436 τόν
282 1375 324 1457 ῥα
344 1368 424 1438 τόθ’
449 1368 634 1456 ἁπτόμενον
655 1371 768 1450 νέκυος
789 1370 872 1457 βάλε
893 1366 1056 1460 φαίδιμος
1069 1368 1197 1462 Ἕκτωρ

202 1469 369 1561 χερμαδίῳ
391 1471 550 1563 κεφαλήν·
571 1466 594 1561 ἢ
616 1470 647 1540 δ’
671 1469 789 1556 άνδιχα
811 1473 907 1539 πᾶσα
928 1470 1057 1560 κεάσθη

204 1573 238 1640 ἐν
259 1572 380 1664 κόρυθι
403 1581 542 1665 βριαρῇ’
565 1568 585 1642 δ
609 1571 642 1642 δ’
665 1571 729 1665 άρα
751 1574 876 1664 πρηνής
896 1573 958 1641 ἐπὶ
980 1576 1080 1664 νεκρῷ

151 1700 190 1741 τεο
205 1675 391 1759 κάππεσεν,
415 1673 505 1768 ἀμφὶ
527 1677 565 1745 δέ
585 1703 644 1762 μιν
664 1676 813 1756 θάνατος
831 1674 910 1759 χότο
932 1677 1168 1768 θυμοραϊστής.

201 1775 387 1868 Πατρόκλῳ
411 1776 443 1846 δ’
466 1775 519 1866 ἄρ’
544 1775 624 1860 άχος
644 1779 753 1846 τέκετο
775 1777 943 1867 φθιμένου
965 1774 1109 1865 ἑτάροιο,

201 1873 322 1946 ἴθυσεν
343 1879 381 1947 δέ
404 1881 463 1947 διδ
484 1879 664 1965 προμάχων
685 1874 777 1968 ’ίρηκι
798 1877 960 1957 εεεοικοίς

202 1976 293 2060 ὠκέι,
317 1978 354 2059 ὅς
374 1977 406 2046 τ’
428 1979 575 2071 ἐφόβησε
595 1979 748 2059 κολοιοάς
769 2005 806 2047 τε
826 1979 941 2071 ψῆράς
960 2006 1005 2048 τε.

203 2074 248 2161 ὧς
269 2078 348 2161 ίθδς
369 2078 520 2164 Λυκίων,
543 2080 749 2171 Πατρόκλεες
771 2078 1012 2166 ἱπποκέλευθε,

149 2211 189 2252 τευ
203 2181 301 2252 ἔσσυο
321 2184 381 2251 καὶ
407 2183 538 2275 Τριόων,
561 2183 726 2269 κεχόλωσο
749 2183 786 2251 δέ
807 2184 868 2273 κῆρ
890 2179 1031 2272 ἑτάροιο.

202 2285 260 2354 καί
277 2284 313 2376 ,ρ’
337 2283 435 2373 ἔβαλε
456 2285 640 2353 Σθενέλαον
658 2283 862 2371 Ἰθαιμένεος
884 2282 983 2376 φίλον
1003 2283 1076 2356 υίόν

202 2385 320 2471 αάχένα
340 2386 521 2477 χερμαδίῳ,
545 2387 637 2476 ῥῆξεν
660 2383 692 2453 δ’
716 2383 786 2455 ἀπὸ
808 2394 881 2456 τοῖο
902 2387 1059 2471 τένοντας.

198 2491 348 2580 χώρησαν
371 2486 402 2556 δ’
425 2485 494 2556 δπό
515 2515 552 2556 τε
573 2487 744 2578 πρόμαχοι
765 2491 823 2557 καὶ
844 2487 1008 2581 φαίδιμος
1020 2489 1152 2580 Ἕκτωρ.

200 2593 280 2683 ὅσση
304 2589 335 2659 δ’
359 2588 511 2681 αίτανέης
532 2593 614 2681 ριπη
636 2597 772 2659 ταναοῖο
793 2594 959 2675 τέτυκται,

145 2715 185 2756 σου
200 2694 240 2783 ἥν
261 2695 303 2784 ῥά
324 2691 356 2761 τ>
378 2689 456 2784 άνήρ
479 2689 566 2784 άφέη
589 2692 792 2783 πειρώμενος
811 2688 835 2784 ἢ
855 2693 889 2762 ἐν
910 2691 1023 2785 ἀέθλῳ

198 2793 237 2887 ἠέ
259 2798 317 2862 καὶ
338 2794 372 2863 έν
394 2796 543 2884 πολέμῳ,
568 2796 669 2885 δηίων
690 2795 757 2863 ὕπο
777 2796 1043 2885 θυμοραϊστέων,

181 2895 318 2964 ’τόσσον
339 2897 505 2988 ἐχώρησαν
531 2905 650 2989 Τρῶες,
674 2892 802 2985 ι’όσαντο
824 2894 856 2965 δ’
879 2894 1025 2982 Ἀχαιοί.

198 3000 347 3080 Γλαῦκος
369 3001 406 3069 δέ
426 3003 569 3090 πρῶτος,
593 2999 732 3069 Λυκίων
754 2995 836 3079 άνδς
858 2996 1065 3084 ἀσπιστάων,

197 3099 359 3192 ἐτράπετ’,
384 3099 523 3170 ἔκτεινεν
545 3102 583 3169 δέ
605 3102 790 3191 Βαθυκλῆα
812 3100 1018 3187 μετάθνμον,

144 3227 184 3268 σοι
199 3203 378 3284 Χάλκωνος
401 3203 498 3295 φίλον
519 3201 606 3286 υἱόν,
628 3200 666 3284 δς
683 3200 817 3270 Ἑλλάδι
839 3202 955 3270 εοικία
976 3204 1076 3273 ναίων

198 3302 288 3396 όλβῳ
309 3332 346 3373 τε
367 3306 502 3396 πλοότῳ
523 3330 561 3373 τε
581 3305 768 3392 μετέπρεπε
789 3306 1071 3395 Μυρμιδόνεσσιν.

194 3408 335 3494 τὸνμὲν
357 3403 422 3495 άρα
444 3410 590 3487 Γλαῦκος
612 3411 739 3498 στῆθος
759 3409 861 3494 μέσον
882 3404 999 3477 οίίτασε
1022 3411 1130 3503 δουρί,

195 3510 377 3602 στρεφθεὶς
403 3509 560 3601 ἐξαπίνης
581 3508 637 3578 ὅτε
657 3537 714 3597 μιν
735 3512 946 3602 κατέμαρπτε
968 3513 1110 3584 διώκων·

196 3611 362 3701 δούπησεν
385 3612 421 3680 δέ
443 3611 567 3693 πεσών,
591 3613 729 3680 πυκινὸν
750 3609 781 3680 δ’
805 3609 883 3702 ι’ίχος
903 3613 1016 3704 ἔλλαβ’
1038 3614 1192 3704 Ἀχαιούς

140 3739 180 3782 εω
197 3710 242 3793 ὥς
262 3711 355 3782 ἕπεά
378 3713 502 3794 ἐσθλὸς
523 3711 611 3806 άνηρ.
654 3716 740 3801 μέτα
763 3717 801 3784 δὲ
826 3719 935 3806 Τρῶες
955 3720 1142 3808 κεχάροντο,

195 3815 276 3882 στάν
300 3813 333 3883 δ’
355 3812 441 3909 ἄμφ’
465 3814 563 3886 αὐτὸν
585 3815 690 3899 ἰόντες
712 3815 858 3899 ἀολλέες*
881 3817 951 3888 οὐδ’
975 3818 1026 3912 ἂρ’
1049 3819 1183 3906 Ἀχαιοί

194 3914 296 4007 άλκῆς
317 3916 525 4001 ἐξελάθοντο,
548 3919 642 4006 μένος
664 3917 695 3986 δ’
720 3918 798 4001 ίθδς
819 3923 919 4013 φέρον
941 3920 1053 3992 αὐτῶν.

192 4015 265 4086 ἔνθ’
290 4014 332 4086 αὖ
353 4019 528 4110 Μηριόνης
555 4021 674 4111 Τροίων
696 4021 764 4089 ἕλεν
786 4019 888 4111 δένδρα
909 4027 1080 4116 κορυστήν,

191 4121 369 4191 Λαόνονον
390 4123 519 4211 θρασδν
541 4118 612 4191 υίὸν
629 4120 814 4216 Ὀνήτορος,
839 4122 874 4207 ὃς
895 4130 982 4209 Διὸς
1004 4125 1090 4216 ίρεάς

138 4254 178 4295 ιοε
190 4220 312 4293 Ἰδαίου
334 4223 497 4306 ἐτέτυκτο,
519 4226 602 4305 θεδς
624 4224 655 4292 δ’
679 4223 725 4308 δίς
745 4226 835 4296 τίετο
858 4229 960 4321 δήμῳ.

190 4326 247 4393 τὸν
268 4322 340 4413 βάλ’
364 4325 432 4394 ὑπὸ
453 4331 621 4412 νναθμοῖο
643 4330 700 4396 καὶ
724 4327 856 4411 οδατος·
879 4324 950 4398 ὦκα
972 4333 1010 4399 δὲ
1031 4333 1142 4419 θυμός

192 4423 286 4516 ᾤχετ’
311 4425 381 4497 άπδ
403 4427 540 4515 μελέων,
564 4433 718 4518 στοτερδς
739 4429 772 4503 δ’
794 4429 858 4521 άρα
878 4460 937 4521 μιν
958 4433 1074 4520 σκότος
1096 4429 1189 4510 εἷλεν.
