2872 5016
538 244 563 290 2.
601 240 787 292 ΙΛΙΔΔΟΣ
806 239 828 290 Β

134 393 169 458 οἵ
188 387 227 457 θ’
248 386 358 480 Ὑρίην
378 391 529 476 ἐνέμοντο
550 394 608 459 καὶ
630 390 768 460 Αὐλίδα
788 391 994 480 πετρήεσσαν

132 490 268 577 Σχοῖνόν
287 519 324 559 τε
345 492 479 561 Σκῶλόν
498 519 535 561 τε
556 496 764 586 πολύκνημόν
783 491 815 580 τί
835 491 1002 574 Ἐτεωνόν,

136 592 302 660 Θέσπειαν
325 594 449 679 Γραῖάν
469 621 506 663 τε
526 598 584 664 καί
606 595 778 687 εὐρύχορον
795 594 1036 686 Μυκαλησσόν,

132 697 167 761 οῖ’
184 690 216 759 τ’
240 690 325 784 ἄμφ’
349 692 444 783 Ἅρμ’
466 695 617 780 ἐνέμοντο
639 698 697 765 καί
719 696 873 766 Εἰλέσιον
894 698 951 764 καί
971 695 1144 785 Ἐρύθρας,

79 816 118 855 ⁵⁰0
133 800 169 864 οῖ’
187 793 217 863 τ’
238 793 365 864 Ἐλεῶν’
389 790 473 879 εἰχον
495 795 551 887 ἠδ’
565 797 664 888 Ὑλην
686 799 745 867 καί
765 801 936 882 Πετεῶνα,

128 897 285 987 Ὠκαλέην
307 898 473 964 Μεδεῶνά
493 896 534 981 τ’,
558 900 743 984 ἐυκτίμενον
764 898 980 986 πτολίεθρον,

134 1001 262 1079 Κώπας
282 995 444 1088 Βύτρησίν
463 1025 500 1066 τε
521 1000 756 1089 πολυτρήρωνά
778 1025 814 1067 τε
839 998 977 1089 Θίσβην,

134 1103 223 1168 οἵτε
246 1099 437 1188 Κορώνειαν
456 1102 515 1167 καί
536 1099 692 1190 ποιήενθ’
715 1100 899 1188 Ἁλίαρτον,

134 1204 170 1269 οἵ
187 1227 224 1268 τε
245 1202 421 1267 Πλάταιαν
442 1199 516 1284 ἔχον
537 1199 592 1290 ἠδ’
614 1199 650 1269 οἳ
669 1202 835 1269 Γλίσαντα
856 1201 1003 1285 νέμοντο,

80 1333 119 1372 ωε
135 1306 170 1371 οἵ
188 1300 227 1370 θ’
247 1302 445 1391 Ὑποθήβας
467 1297 564 1386 εἶχον,
588 1301 773 1388 ἐυκτίμενον
794 1301 1008 1387 πτολίεθρον,

131 1402 307 1495 Ὀτχηστύν
328 1402 367 1471 θ’
391 1401 489 1494 ἰερόν,
512 1404 698 1493 Ποσιδήιον
721 1401 844 1472 άτλαδν
865 1399 976 1483 άλσος,

135 1510 171 1573 οἵ
189 1533 225 1574 τε
247 1505 503 1595 πολυστάφυλον
524 1505 648 1596 Ράρνην
669 1504 755 1590 ἔχον,
778 1506 814 1572 οἳ
831 1529 868 1570 τε
883 1503 1035 1571 Μίδειαν

135 1609 246 1674 Νῖσάν
265 1634 301 1674 τε
324 1607 446 1696 ζαθέην
469 1604 656 1696 Ἀνθηδόνα
676 1604 707 1673 τ’
731 1605 949 1690 ἐσχατόωσαν.

134 1711 198 1774 τῶν
218 1709 277 1793 μέν
299 1707 500 1795 πεντήκοντα
521 1707 590 1784 νέες
610 1706 690 1788 κίον,
714 1707 748 1774 ἐν
770 1707 808 1775 δέ
828 1708 970 1796 τεκάστη

81 1834 121 1874 σω
134 1811 247 1898 κοῦροι
270 1810 428 1875 Βοιωτῶν
449 1805 566 1873 έκατδν
586 1808 642 1873 καί
664 1805 809 1875 ἐτείκοσι
831 1814 951 1892 βαῖνον.

179 1906 215 1975 οἳ
235 1907 265 1976 δ’
291 1905 491 1996 Ἀσπληδόν’
515 1904 625 1974 ἔναιον
647 1906 694 1973 ἰδ’
713 1905 902 1992 Ὀρχομενὸν
923 1907 1100 1988 Μινύειον,

136 2012 201 2075 τῶν
222 2002 294 2097 ήρχ)
319 2006 529 2097 Ἀσκάλαφος
550 2010 607 2074 καί
626 2006 799 2092 Ἰάλμενος,
822 2001 891 2088 υἷες
912 2005 1046 2097 Ἀρηος,

138 2105 194 2190 ούς
214 2111 288 2178 τέκε
309 2108 479 2198 Καστυόχη
504 2109 598 2197 δόμῳ
620 2106 779 2197 ’Ἀκτορος
793 2107 961 2191 Ἀζεΐδαο,

138 2211 306 2298 παρθένος
328 2209 455 2299 αἰδοίη,
479 2208 644 2296 ύπερώιον
666 2209 884 2296 εἰσαναβᾶσα,

84 2340 123 2380 515
133 2308 231 2401 ’Ἀρηι
253 2315 398 2401 κρατερή
403 2337 412 2352 ·
435 2306 453 2380 ὃ
476 2313 515 2379 δέ
535 2339 592 2380 τοι
613 2312 818 2402 παρελέξατο
839 2313 958 2400 λάθρη.

136 2419 207 2492 τοῖς
229 2413 266 2480 δέ
286 2414 462 2501 τριήκοντα
482 2413 648 2502 τλαφυραί
670 2414 739 2493 νέες
760 2412 966 2497 ἐστιχόωντο.

180 2511 282 2602 αύτάρ
306 2512 453 2602 Φωκήων
473 2513 608 2597 Σχεδίος
629 2515 686 2580 καί
705 2512 928 2604 Ἐπίστροφος
948 2508 1060 2602 ήρχον,

137 2607 206 2695 υἷες
227 2612 368 2705 Κιφίτου
389 2614 587 2699 μεταθύμου
609 2615 834 2701 Ναυβολίδαο,
1041 2605 1042 2608 ¹

137 2714 173 2785 οἳ
192 2717 410 2802 Κυπάρισσον
430 2715 503 2802 ἔχον
523 2718 674 2784 Πυθῶνά
694 2743 730 2784 τε
751 2717 954 2807 πετρήεσσαν

83 2845 124 2884 τοο
137 2820 266 2907 Κρῖσάν
286 2845 322 2885 τε
345 2818 469 2909 ζαθέην
490 2819 548 2886 καί
570 2817 723 2887 Δαυλίδα
745 2820 802 2886 καί
823 2820 1002 2906 Πανοπῆα,

137 2924 173 2987 οἵ
191 2917 223 2986 τ)
246 2917 465 3009 Ἀνεμώρειαν
486 2920 543 2987 καί
561 2921 747 3006 Ὑάμπολιν
769 2918 1005 3010 ἀμφενέμοντο,

137 3024 172 3088 οἵ
190 3017 222 3086 τ’
245 3017 310 3109 άρα
331 3022 402 3108 πάρ
424 3023 577 3105 ποταμὸν
598 3024 751 3111 Κηφισὸν
774 3025 845 3087 δῖον
867 3019 990 3098 έναιον,

136 3124 172 3187 οῖ’
190 3147 226 3188 τε
248 3119 400 3188 Λίλαιαν
421 3119 492 3203 ἔχον
513 3124 622 3211 πητῆς
645 3120 705 3188 έπι
727 3127 908 3211 Κηφισοῖο.

136 3228 206 3303 τοῖς
228 3220 261 3288 δ’
285 3221 354 3306 ἅμα
375 3224 617 3312 τεσσαράκοντα
637 3223 789 3306 μέλαιναι
812 3231 886 3312 νῆες
911 3221 1040 3288 έποντο.

84 3343 123 3384 τεο
138 3319 175 3390 οἳ
193 3325 252 3408 μέν
276 3323 420 3412 Φωκήων
443 3321 557 3407 στίχας
578 3325 716 3390 ἵστασαν
738 3321 975 3413 ἀμφιέποντες,

97 3447 101 3457 “
138 3428 297 3493 Βοιωτῶν
319 3421 350 3493 δ’
374 3421 502 3514 έμπλην
523 3422 580 3492 ἐπ’
605 3421 760 3513 οἰριστερδ
781 3424 1006 3513 θωρήσσοντο.

180 3529 324 3618 Λοκρῶν
347 3526 378 3595 δ’
400 3526 593 3617 ήνεμόνευεν
612 3524 739 3617 Ὀιλῆος
759 3527 857 3609 ταχύς
878 3524 988 3606 Αἰάς,

137 3627 252 3713 μείων,
276 3628 315 3698 ού
335 3657 369 3698 τι
390 3629 488 3710 τόσος
508 3657 547 3697 τε
569 3629 648 3709 όσος
666 3629 873 3714 Τελαμώνιος
894 3626 1003 3708 Λίἀς,

141 3727 224 3798 άλλά
246 3735 331 3799 πολύ
352 3730 466 3818 μείων·
490 3728 602 3812 ύλίτος
623 3732 681 3817 μέν
702 3728 768 3820 έην,
790 3729 993 3819 λινοθώρηξ,

86 3856 126 3896 τεο
140 3831 247 3923 ἐτχείη
272 3831 301 3899 δ’
325 3834 482 3902 ἐκέκαστο
504 3833 712 3922 Πανέλληνας
733 3832 791 3898 καί
812 3828 980 3913 Ἀχαιούς·

141 3928 179 4000 οἳ
195 3924 307 4001 ΙΚῦνόν
328 3931 357 3999 τ’
380 3931 523 4019 ἐνέμοντ’
544 3930 704 4002 Ὀπόεντά
725 3958 761 4000 τε
784 3931 972 4022 Καλλίαρόν
992 3959 1028 4000 τε

142 4035 281 4123 Βῆσσάν
301 4060 337 4101 τε
357 4036 513 4126 Σκάρφην
534 4061 569 4103 τε
590 4035 649 4102 καί
671 4032 824 4115 Αύτειοὶς
845 4035 1013 4124 ἐρατεινάς

144 4137 279 4227 Τάρφην
300 4162 336 4204 τε
360 4135 500 4226 Θρόνιόν
519 4163 555 4205 τε
578 4137 746 4227 Βοατρίου
769 4134 857 4228 άμφί
880 4139 1011 4227 ῥέεθρα.

138 4247 187 4326 τῷ
210 4237 241 4305 δ’
265 4236 334 4324 ἅμα
354 4238 598 4328 τεσσαράκοντα
618 4240 774 4324 μέλαιναι
794 4242 866 4329 νῆες
889 4239 1007 4307 έποντο

85 4361 126 4402 ωε
141 4342 295 4431 Λοκρῶν,
319 4335 356 4408 οἳ
375 4338 506 4410 ναίουσι
527 4340 629 4431 πέρην
651 4337 740 4428 ἰερής
759 4336 916 4428 Ἐυβοίης.

1005 4449 1039 4497 31
