<?xml version="1.0" encoding="UTF-8"?>
<!DOCTYPE html PUBLIC "-//W3C//DTD XHTML 1.0 Transitional//EN"
    "http://www.w3.org/TR/xhtml1/DTD/xhtml1-transitional.dtd">
<html xmlns="http://www.w3.org/1999/xhtml" xml:lang="en" lang="en">
 <head>
  <title>
</title>
<meta http-equiv="Content-Type" content="text/html;charset=utf-8" />
  <meta name='ocr-system' content='tesseract 3.04.00' />
  <meta name='ocr-capabilities' content='ocr_page ocr_carea ocr_par ocr_line ocrx_word'/>
</head>
<body>
  <div class='ocr_page' id='page_1' title='image "./carminahomerica00homegoog_0281.png"; bbox 0 0 2872 5016; ppageno 0'>
   <div class='ocr_carea' id='block_1_1' title="bbox 135 237 841 303">
    <p class='ocr_par' dir='ltr' id='par_1_1' title="bbox 135 237 841 303">
     <span class='ocr_line' id='line_1_1' title="bbox 135 237 841 303; baseline -0.01 0"><span class='ocrx_word' id='word_1_1' title='bbox 135 237 200 303; x_wconf 83' lang='lat'><strong><em>266</em></strong></span> <span class='ocrx_word' id='word_1_2' title='bbox 531 241 571 297; x_wconf 84' lang='grc' dir='ltr'><strong><em>ιο.</em></strong></span> <span class='ocrx_word' id='word_1_3' title='bbox 609 242 841 296; x_wconf 74' lang='grc' dir='ltr'><strong><em>ικιεοοτπ</em></strong></span> 
     </span>
    </p>
   </div>
   <div class='ocr_carea' id='block_1_2' title="bbox 84 387 1208 4166">
    <p class='ocr_par' dir='ltr' id='par_1_2' title="bbox 84 387 1208 4166">
     <span class='ocr_line' id='line_1_2' title="bbox 136 387 971 489; baseline 0.007 -29"><span class='ocrx_word' id='word_1_4' title='bbox 136 387 281 472; x_wconf 79' lang='grc' dir='ltr'><strong><em>Αἰνείας</em></strong></span> <span class='ocrx_word' id='word_1_5' title='bbox 303 389 334 460; x_wconf 78' lang='grc' dir='ltr'><strong><em>δ’</em></strong></span> <span class='ocrx_word' id='word_1_6' title='bbox 356 393 416 462; x_wconf 78' lang='grc' dir='ltr'><strong><em>ἐπὶ</em></strong></span> <span class='ocrx_word' id='word_1_7' title='bbox 437 395 595 489; x_wconf 76' lang='grc' dir='ltr'><em>Μηριόνῃ</em></span> <span class='ocrx_word' id='word_1_8' title='bbox 619 396 700 484; x_wconf 92' lang='grc' dir='ltr'><strong><em>δόρυ</em></strong></span> <span class='ocrx_word' id='word_1_9' title='bbox 721 395 858 484; x_wconf 79' lang='grc' dir='ltr'><em>χάλκεον</em></span> <span class='ocrx_word' id='word_1_10' title='bbox 879 390 971 487; x_wconf 82' lang='grc' dir='ltr'><strong><em>ήκεν·</em></strong></span> 
     </span>
     <span class='ocr_line' id='line_1_3' title="bbox 137 493 1034 589; baseline 0.01 -30"><span class='ocrx_word' id='word_1_11' title='bbox 137 493 280 562; x_wconf 70' lang='grc' dir='ltr'><strong><em>νέλπειο</em></strong></span> <span class='ocrx_word' id='word_1_12' title='bbox 301 496 364 582; x_wconf 77' lang='grc' dir='ltr'><strong><em>τάρ</em></strong></span> <span class='ocrx_word' id='word_1_13' title='bbox 385 497 563 580; x_wconf 81' lang='grc' dir='ltr'><strong><em>τεύξεσθαι</em></strong></span> <span class='ocrx_word' id='word_1_14' title='bbox 584 497 780 568; x_wconf 78' lang='grc' dir='ltr'><strong><em>ὑπασπίδια</em></strong></span> <span class='ocrx_word' id='word_1_15' title='bbox 802 499 1034 589; x_wconf 88' lang='grc' dir='ltr'><strong><em>προβιβάντος.</em></strong></span> 
     </span>
     <span class='ocr_line' id='line_1_4' title="bbox 85 591 1002 690; baseline 0.005 -24"><span class='ocrx_word' id='word_1_16' title='bbox 85 624 124 666; x_wconf 83' lang='grc' dir='ltr'><strong><em>ειο</em></strong></span> <span class='ocrx_word' id='word_1_17' title='bbox 139 592 209 663; x_wconf 73' lang='grc' dir='ltr'><strong><em>ἄλλ’</em></strong></span> <span class='ocrx_word' id='word_1_18' title='bbox 232 591 252 664; x_wconf 81' lang='grc' dir='ltr'>ὃ</span> <span class='ocrx_word' id='word_1_19' title='bbox 272 596 332 681; x_wconf 82' lang='grc' dir='ltr'><strong><em>μέν</em></strong></span> <span class='ocrx_word' id='word_1_20' title='bbox 354 592 435 665; x_wconf 81' lang='grc' dir='ltr'><strong><em>άντα</em></strong></span> <span class='ocrx_word' id='word_1_21' title='bbox 455 601 558 668; x_wconf 73' lang='grc' dir='ltr'><strong><em>,τιδών</em></strong></span> <span class='ocrx_word' id='word_1_22' title='bbox 577 598 717 690; x_wconf 80' lang='grc' dir='ltr'><strong><em>ἠλεύατο</em></strong></span> <span class='ocrx_word' id='word_1_23' title='bbox 738 600 874 684; x_wconf 82' lang='grc' dir='ltr'><em>χάλκεον</em></span> <span class='ocrx_word' id='word_1_24' title='bbox 895 599 1002 686; x_wconf 72' lang='grc' dir='ltr'><strong><em>έτχος·</em></strong></span> 
     </span>
     <span class='ocr_line' id='line_1_5' title="bbox 136 697 1105 795; baseline 0.012 -31"><span class='ocrx_word' id='word_1_25' title='bbox 136 697 274 785; x_wconf 79' lang='grc' dir='ltr'><em>πρόσσω</em></span> <span class='ocrx_word' id='word_1_26' title='bbox 295 699 357 789; x_wconf 68' lang='grc' dir='ltr'><strong><em>κάρ</em></strong></span> <span class='ocrx_word' id='word_1_27' title='bbox 379 703 557 792; x_wconf 81' lang='grc' dir='ltr'><strong><em>κατέκυψε,</em></strong></span> <span class='ocrx_word' id='word_1_28' title='bbox 579 704 618 771; x_wconf 88' lang='grc' dir='ltr'><strong><em>τό</em></strong></span> <span class='ocrx_word' id='word_1_29' title='bbox 641 700 673 770; x_wconf 81' lang='grc' dir='ltr'><strong><em>δ’</em></strong></span> <span class='ocrx_word' id='word_1_30' title='bbox 695 702 858 783; x_wconf 73' lang='grc' dir='ltr'><strong><em>ἐξόπιθεν</em></strong></span> <span class='ocrx_word' id='word_1_31' title='bbox 880 703 958 795; x_wconf 92' lang='grc' dir='ltr'><strong><em>δόρυ</em></strong></span> <span class='ocrx_word' id='word_1_32' title='bbox 979 707 1105 795; x_wconf 86' lang='grc' dir='ltr'><strong><em>μακρόν</em></strong></span> 
     </span>
     <span class='ocr_line' id='line_1_6' title="bbox 137 796 995 897; baseline 0.006 -29"><span class='ocrx_word' id='word_1_33' title='bbox 137 796 229 868; x_wconf 78' lang='grc' dir='ltr'><strong><em>οῦδει</em></strong></span> <span class='ocrx_word' id='word_1_34' title='bbox 250 800 471 893; x_wconf 77' lang='grc' dir='ltr'><em>ἐνισκίμφθη,</em></span> <span class='ocrx_word' id='word_1_35' title='bbox 495 804 556 872; x_wconf 87' lang='grc' dir='ltr'><strong><em>έπὶ</em></strong></span> <span class='ocrx_word' id='word_1_36' title='bbox 578 802 612 871; x_wconf 76' lang='grc' dir='ltr'><strong><em>δ&gt;</em></strong></span> <span class='ocrx_word' id='word_1_37' title='bbox 635 801 787 891; x_wconf 77' lang='grc' dir='ltr'><strong><em>οὐρίαχος</em></strong></span> <span class='ocrx_word' id='word_1_38' title='bbox 806 803 995 897; x_wconf 90' lang='grc' dir='ltr'><strong><em>πελεμίχθη</em></strong></span> 
     </span>
     <span class='ocr_line' id='line_1_7' title="bbox 138 898 1090 1000; baseline 0.008 -31"><span class='ocrx_word' id='word_1_39' title='bbox 138 898 261 988; x_wconf 72' lang='grc' dir='ltr'><strong><em>ένχεος·</em></strong></span> <span class='ocrx_word' id='word_1_40' title='bbox 284 899 367 971; x_wconf 74' lang='grc' dir='ltr'><strong><em>ἔνθα</em></strong></span> <span class='ocrx_word' id='word_1_41' title='bbox 390 902 421 973; x_wconf 77' lang='grc' dir='ltr'><strong><em>δ’</em></strong></span> <span class='ocrx_word' id='word_1_42' title='bbox 444 903 551 974; x_wconf 75' lang='grc' dir='ltr'><strong><em>ἔπειτ’</em></strong></span> <span class='ocrx_word' id='word_1_43' title='bbox 576 903 660 997; x_wconf 86' lang='grc' dir='ltr'><strong><em>άφίη</em></strong></span> <span class='ocrx_word' id='word_1_44' title='bbox 682 905 777 990; x_wconf 85' lang='grc' dir='ltr'><strong><em>μένος</em></strong></span> <span class='ocrx_word' id='word_1_45' title='bbox 799 901 963 993; x_wconf 80' lang='grc' dir='ltr'><strong><em>όμβριμος</em></strong></span> <span class='ocrx_word' id='word_1_46' title='bbox 984 911 1090 1000; x_wconf 83' lang='grc' dir='ltr'><strong><em>Λρης.</em></strong></span> 
     </span>
     <span class='ocr_line' id='line_1_8' title="bbox 84 1002 961 1098; baseline 0.01 -30"><span class='ocrx_word' id='word_1_47' title='bbox 84 1029 123 1068; x_wconf 78' lang='grc' dir='ltr'><strong><em>ειε</em></strong></span> <span class='ocrx_word' id='word_1_48' title='bbox 137 1002 281 1086; x_wconf 84' lang='grc' dir='ltr'><strong><em>Αἰνείας</em></strong></span> <span class='ocrx_word' id='word_1_49' title='bbox 302 1004 334 1072; x_wconf 75' lang='grc' dir='ltr'><strong><em>δ’</em></strong></span> <span class='ocrx_word' id='word_1_50' title='bbox 356 1002 421 1094; x_wconf 85' lang='grc' dir='ltr'><strong><em>άρα</em></strong></span> <span class='ocrx_word' id='word_1_51' title='bbox 442 1009 551 1095; x_wconf 83' lang='grc' dir='ltr'><strong><em>θυμὸν</em></strong></span> <span class='ocrx_word' id='word_1_52' title='bbox 571 1008 732 1092; x_wconf 78' lang='grc' dir='ltr'><strong><em>ἐχώσατο,</em></strong></span> <span class='ocrx_word' id='word_1_53' title='bbox 757 1006 905 1098; x_wconf 79' lang='grc' dir='ltr'><strong><em>φώνησέν</em></strong></span> <span class='ocrx_word' id='word_1_54' title='bbox 924 1034 961 1077; x_wconf 91' lang='grc' dir='ltr'><strong><em>τε</em></strong></span> 
     </span>
     <span class='ocr_line' id='line_1_9' title="bbox 133 1105 1032 1200; baseline 0.009 -28"><span class='ocrx_word' id='word_1_55' title='bbox 133 1105 152 1131; x_wconf 85' lang='lat'><em>“</em></span> <span class='ocrx_word' id='word_1_56' title='bbox 160 1106 328 1197; x_wconf 88' lang='grc' dir='ltr'><strong><em>Μηριόνη,</em></strong></span> <span class='ocrx_word' id='word_1_57' title='bbox 351 1108 436 1192; x_wconf 89' lang='grc' dir='ltr'><strong><em>τάχα</em></strong></span> <span class='ocrx_word' id='word_1_58' title='bbox 457 1109 512 1178; x_wconf 88' lang='grc' dir='ltr'><strong><em>κέν</em></strong></span> <span class='ocrx_word' id='word_1_59' title='bbox 532 1133 572 1178; x_wconf 89' lang='grc' dir='ltr'><strong><em>σε</em></strong></span> <span class='ocrx_word' id='word_1_60' title='bbox 592 1111 650 1178; x_wconf 85' lang='grc' dir='ltr'><strong><em>καὶ</em></strong></span> <span class='ocrx_word' id='word_1_61' title='bbox 672 1106 829 1200; x_wconf 82' lang='grc' dir='ltr'><strong><em>ὀρχηστήν</em></strong></span> <span class='ocrx_word' id='word_1_62' title='bbox 849 1132 914 1196; x_wconf 91' lang='grc' dir='ltr'><strong><em>περ</em></strong></span> <span class='ocrx_word' id='word_1_63' title='bbox 936 1106 1032 1180; x_wconf 74' lang='grc' dir='ltr'><strong><em>ἐόντα</em></strong></span> 
     </span>
     <span class='ocr_line' id='line_1_10' title="bbox 139 1205 1127 1305; baseline 0.006 -30"><span class='ocrx_word' id='word_1_64' title='bbox 139 1205 233 1291; x_wconf 74' lang='grc' dir='ltr'><strong><em>ένχος</em></strong></span> <span class='ocrx_word' id='word_1_65' title='bbox 255 1208 332 1294; x_wconf 87' lang='grc' dir='ltr'><strong><em>ε’μδν</em></strong></span> <span class='ocrx_word' id='word_1_66' title='bbox 354 1211 541 1280; x_wconf 83' lang='grc' dir='ltr'><strong><em>κατέπαυσε</em></strong></span> <span class='ocrx_word' id='word_1_67' title='bbox 562 1211 759 1298; x_wconf 87' lang='grc' dir='ltr'><strong><em>διαμπερές,</em></strong></span> <span class='ocrx_word' id='word_1_68' title='bbox 782 1205 818 1277; x_wconf 78' lang='grc' dir='ltr'><strong><em>εἴ</em></strong></span> <span class='ocrx_word' id='word_1_69' title='bbox 836 1206 869 1276; x_wconf 77' lang='grc' dir='ltr'><strong><em>σ’</em></strong></span> <span class='ocrx_word' id='word_1_70' title='bbox 892 1206 1013 1297; x_wconf 73' lang='grc' dir='ltr'><strong><em>ἔβαλόν</em></strong></span> <span class='ocrx_word' id='word_1_71' title='bbox 1032 1211 1127 1305; x_wconf 78' lang='grc' dir='ltr'><strong><em>περ.”</em></strong></span> 
     </span>
     <span class='ocr_line' id='line_1_11' title="bbox 180 1296 1018 1403; baseline 0.006 -26"><span class='ocrx_word' id='word_1_72' title='bbox 180 1313 237 1380; x_wconf 86' lang='grc' dir='ltr'><strong><em>τόν</em></strong></span> <span class='ocrx_word' id='word_1_73' title='bbox 259 1309 292 1379; x_wconf 61' lang='grc' dir='ltr'><strong><em>δ)</em></strong></span> <span class='ocrx_word' id='word_1_74' title='bbox 315 1305 357 1378; x_wconf 78' lang='grc' dir='ltr'><strong><em>αὖ</em></strong></span> <span class='ocrx_word' id='word_1_75' title='bbox 376 1296 551 1403; x_wconf 73' lang='grc' dir='ltr'><strong><em>Μηριόνης</em></strong></span> <span class='ocrx_word' id='word_1_76' title='bbox 572 1313 781 1400; x_wconf 87' lang='grc' dir='ltr'><strong><em>δουρικλυτός</em></strong></span> <span class='ocrx_word' id='word_1_77' title='bbox 802 1307 911 1382; x_wconf 87' lang='grc' dir='ltr'><strong><em>άντίον</em></strong></span> <span class='ocrx_word' id='word_1_78' title='bbox 931 1309 1018 1402; x_wconf 79' lang='grc' dir='ltr'><strong><em>ηίίδα</em></strong></span> 
     </span>
     <span class='ocr_line' id='line_1_12' title="bbox 86 1409 971 1503; baseline -0.002 -18"><span class='ocrx_word' id='word_1_79' title='bbox 86 1409 295 1493; x_wconf 56' lang='lat' dir='ltr'><strong><em>aminea,</em></strong></span> <span class='ocrx_word' id='word_1_80' title='bbox 316 1412 462 1496; x_wconf 87' lang='grc' dir='ltr'><strong><em>χαλεπόν</em></strong></span> <span class='ocrx_word' id='word_1_81' title='bbox 483 1436 520 1480; x_wconf 91' lang='grc' dir='ltr'><strong><em>σε</em></strong></span> <span class='ocrx_word' id='word_1_82' title='bbox 541 1414 598 1480; x_wconf 85' lang='grc' dir='ltr'><strong><em>καὶ</em></strong></span> <span class='ocrx_word' id='word_1_83' title='bbox 620 1411 769 1503; x_wconf 79' lang='grc' dir='ltr'><strong><em>ἴφθιμόν</em></strong></span> <span class='ocrx_word' id='word_1_84' title='bbox 789 1436 853 1503; x_wconf 89' lang='grc' dir='ltr'><strong><em>περ</em></strong></span> <span class='ocrx_word' id='word_1_85' title='bbox 875 1412 971 1483; x_wconf 77' lang='grc' dir='ltr'><strong><em>ἐόντα</em></strong></span> 
     </span>
     <span class='ocr_line' id='line_1_13' title="bbox 140 1510 1074 1601; baseline 0.006 -21"><span class='ocrx_word' id='word_1_86' title='bbox 140 1515 272 1581; x_wconf 86' lang='grc' dir='ltr'><strong><em>πάντων</em></strong></span> <span class='ocrx_word' id='word_1_87' title='bbox 295 1510 483 1601; x_wconf 77' lang='grc' dir='ltr'><strong><em>ἀνθρώπων</em></strong></span> <span class='ocrx_word' id='word_1_88' title='bbox 503 1513 642 1598; x_wconf 78' lang='grc' dir='ltr'><strong><em>σβέσσαι</em></strong></span> <span class='ocrx_word' id='word_1_89' title='bbox 664 1515 772 1599; x_wconf 85' lang='grc' dir='ltr'><strong><em>μένος,</em></strong></span> <span class='ocrx_word' id='word_1_90' title='bbox 796 1514 833 1595; x_wconf 83' lang='grc' dir='ltr'><strong><em>ὅς</em></strong></span> <span class='ocrx_word' id='word_1_91' title='bbox 854 1515 893 1584; x_wconf 86' lang='grc' dir='ltr'><strong><em>κέ</em></strong></span> <span class='ocrx_word' id='word_1_92' title='bbox 915 1540 971 1584; x_wconf 89' lang='grc' dir='ltr'><strong><em>σευ</em></strong></span> <span class='ocrx_word' id='word_1_93' title='bbox 993 1513 1074 1586; x_wconf 65' lang='grc' dir='ltr'><strong><em>ὄντα</em></strong></span> 
     </span>
     <span class='ocr_line' id='line_1_14' title="bbox 140 1612 1026 1707; baseline 0.003 -23"><span class='ocrx_word' id='word_1_94' title='bbox 140 1614 225 1707; x_wconf 74' lang='grc' dir='ltr'><strong><em>ἔλθη</em></strong></span> <span class='ocrx_word' id='word_1_95' title='bbox 249 1612 463 1701; x_wconf 88' lang='grc' dir='ltr'><strong><em>άμυνόμενος·</em></strong></span> <span class='ocrx_word' id='word_1_96' title='bbox 486 1617 608 1706; x_wconf 81' lang='grc' dir='ltr'><strong><em>θνητὸς</em></strong></span> <span class='ocrx_word' id='word_1_97' title='bbox 630 1615 667 1684; x_wconf 85' lang='grc' dir='ltr'><strong><em>δέ</em></strong></span> <span class='ocrx_word' id='word_1_98' title='bbox 686 1642 723 1682; x_wconf 89' lang='grc' dir='ltr'><strong><em>νυ</em></strong></span> <span class='ocrx_word' id='word_1_99' title='bbox 744 1616 804 1682; x_wconf 81' lang='grc' dir='ltr'><strong><em>καὶ</em></strong></span> <span class='ocrx_word' id='word_1_100' title='bbox 825 1617 864 1684; x_wconf 83' lang='grc' dir='ltr'><strong><em>σύ</em></strong></span> <span class='ocrx_word' id='word_1_101' title='bbox 885 1616 1026 1701; x_wconf 79' lang='grc' dir='ltr'><strong><em>τέτυξαι.</em></strong></span> 
     </span>
     <span class='ocr_line' id='line_1_15' title="bbox 138 1713 1036 1812; baseline 0.002 -27"><span class='ocrx_word' id='word_1_102' title='bbox 138 1716 171 1787; x_wconf 76' lang='grc' dir='ltr'><strong><em>ἐί</em></strong></span> <span class='ocrx_word' id='word_1_103' title='bbox 193 1719 250 1786; x_wconf 83' lang='grc' dir='ltr'><strong><em>καὶ</em></strong></span> <span class='ocrx_word' id='word_1_104' title='bbox 273 1717 336 1785; x_wconf 68' lang='grc' dir='ltr'><strong><em>ἐκώ</em></strong></span> <span class='ocrx_word' id='word_1_105' title='bbox 359 1742 396 1786; x_wconf 91' lang='grc' dir='ltr'><strong><em>σε</em></strong></span> <span class='ocrx_word' id='word_1_106' title='bbox 417 1717 557 1805; x_wconf 79' lang='grc' dir='ltr'><strong><em>βάλοιμι</em></strong></span> <span class='ocrx_word' id='word_1_107' title='bbox 578 1717 681 1805; x_wconf 79' lang='grc' dir='ltr'><strong><em>τυχιδν</em></strong></span> <span class='ocrx_word' id='word_1_108' title='bbox 701 1717 800 1803; x_wconf 84' lang='grc' dir='ltr'><em>μέσον</em></span> <span class='ocrx_word' id='word_1_109' title='bbox 823 1713 892 1800; x_wconf 85' lang='grc' dir='ltr'><strong><em>όξέι</em></strong></span> <span class='ocrx_word' id='word_1_110' title='bbox 912 1722 1036 1812; x_wconf 79' lang='grc' dir='ltr'><strong><em>χαλκῷ,</em></strong></span> 
     </span>
     <span class='ocr_line' id='line_1_16' title="bbox 142 1813 1109 1911; baseline 0.007 -25"><span class='ocrx_word' id='word_1_111' title='bbox 142 1813 231 1907; x_wconf 80' lang='grc' dir='ltr'><strong><em>αἶψά</em></strong></span> <span class='ocrx_word' id='word_1_112' title='bbox 253 1847 290 1888; x_wconf 93' lang='grc' dir='ltr'><strong><em>κε</em></strong></span> <span class='ocrx_word' id='word_1_113' title='bbox 311 1820 368 1888; x_wconf 84' lang='grc' dir='ltr'><strong><em>καὶ</em></strong></span> <span class='ocrx_word' id='word_1_114' title='bbox 389 1820 544 1911; x_wconf 88' lang='grc' dir='ltr'><strong><em>κρατερός</em></strong></span> <span class='ocrx_word' id='word_1_115' title='bbox 565 1846 628 1911; x_wconf 90' lang='grc' dir='ltr'><strong><em>περ</em></strong></span> <span class='ocrx_word' id='word_1_116' title='bbox 649 1821 711 1889; x_wconf 73' lang='grc' dir='ltr'><strong><em>ἔων</em></strong></span> <span class='ocrx_word' id='word_1_117' title='bbox 731 1819 790 1886; x_wconf 89' lang='grc' dir='ltr'><strong><em>καὶ</em></strong></span> <span class='ocrx_word' id='word_1_118' title='bbox 810 1820 904 1909; x_wconf 79' lang='grc' dir='ltr'><strong><em>χερσί</em></strong></span> <span class='ocrx_word' id='word_1_119' title='bbox 925 1823 1109 1905; x_wconf 84' lang='grc' dir='ltr'><strong><em>πεποιθιός</em></strong></span> 
     </span>
     <span class='ocr_line' id='line_1_17' title="bbox 88 1913 1026 2015; baseline 0.005 -30"><span class='ocrx_word' id='word_1_120' title='bbox 88 1945 127 1987; x_wconf 77' lang='grc' dir='ltr'><strong><em>επ</em></strong></span> <span class='ocrx_word' id='word_1_121' title='bbox 142 1916 234 2010; x_wconf 78' lang='grc' dir='ltr'><strong><em>εὖχος</em></strong></span> <span class='ocrx_word' id='word_1_122' title='bbox 255 1924 332 2008; x_wconf 74' lang='grc' dir='ltr'><strong><em>ἐμοὶ</em></strong></span> <span class='ocrx_word' id='word_1_123' title='bbox 354 1921 456 2015; x_wconf 89' lang='grc' dir='ltr'><strong><em>δοίης,</em></strong></span> <span class='ocrx_word' id='word_1_124' title='bbox 479 1925 587 2014; x_wconf 81' lang='grc' dir='ltr'><strong><em>ψυχήν</em></strong></span> <span class='ocrx_word' id='word_1_125' title='bbox 609 1921 641 1991; x_wconf 79' lang='grc' dir='ltr'><strong><em>δ’</em></strong></span> <span class='ocrx_word' id='word_1_126' title='bbox 659 1918 776 1990; x_wconf 71' lang='grc' dir='ltr'><strong><em>’Άειδι</em></strong></span> <span class='ocrx_word' id='word_1_127' title='bbox 796 1913 1026 2014; x_wconf 51' lang='lat' dir='ltr'><strong><em>alkmundi-p?</em></strong></span> 
     </span>
     <span class='ocr_line' id='line_1_18' title="bbox 184 2019 1107 2120; baseline 0.003 -26"><span class='ocrx_word' id='word_1_128' title='bbox 184 2019 229 2108; x_wconf 83' lang='grc' dir='ltr'><strong><em>ὦς</em></strong></span> <span class='ocrx_word' id='word_1_129' title='bbox 250 2027 352 2120; x_wconf 80' lang='grc' dir='ltr'><strong><em>φοίτα,</em></strong></span> <span class='ocrx_word' id='word_1_130' title='bbox 374 2028 432 2096; x_wconf 84' lang='grc' dir='ltr'><strong><em>τὸν</em></strong></span> <span class='ocrx_word' id='word_1_131' title='bbox 453 2023 486 2094; x_wconf 75' lang='grc' dir='ltr'><strong><em>δ’</em></strong></span> <span class='ocrx_word' id='word_1_132' title='bbox 508 2026 638 2095; x_wconf 78' lang='grc' dir='ltr'><strong><em>ἐνένιπε</em></strong></span> <span class='ocrx_word' id='word_1_133' title='bbox 660 2022 845 2093; x_wconf 87' lang='grc' dir='ltr'><strong><em>Μενοιτίου</em></strong></span> <span class='ocrx_word' id='word_1_134' title='bbox 868 2019 1007 2112; x_wconf 85' lang='grc' dir='ltr'><strong><em>άλκιμος</em></strong></span> <span class='ocrx_word' id='word_1_135' title='bbox 1026 2025 1107 2109; x_wconf 78' lang='grc' dir='ltr'><strong><em>υἱός.</em></strong></span> 
     </span>
     <span class='ocr_line' id='line_1_19' title="bbox 137 2123 1087 2222; baseline -0.001 -23"><span class='ocrx_word' id='word_1_136' title='bbox 137 2128 330 2222; x_wconf 83' lang='grc' dir='ltr'><strong><em>“Μηριόνη,</em></strong></span> <span class='ocrx_word' id='word_1_137' title='bbox 352 2128 387 2198; x_wconf 86' lang='grc' dir='ltr'><strong><em>τί</em></strong></span> <span class='ocrx_word' id='word_1_138' title='bbox 408 2132 447 2199; x_wconf 84' lang='grc' dir='ltr'>σύ</span> <span class='ocrx_word' id='word_1_139' title='bbox 468 2137 572 2198; x_wconf 83' lang='grc' dir='ltr'><strong><em>ταῦτα</em></strong></span> <span class='ocrx_word' id='word_1_140' title='bbox 593 2129 651 2196; x_wconf 83' lang='grc' dir='ltr'><strong><em>καὶ</em></strong></span> <span class='ocrx_word' id='word_1_141' title='bbox 672 2127 795 2206; x_wconf 77' lang='grc' dir='ltr'><strong><em>ἐσθλὸς</em></strong></span> <span class='ocrx_word' id='word_1_142' title='bbox 816 2125 879 2194; x_wconf 80' lang='grc' dir='ltr'><strong><em>ἒών</em></strong></span> <span class='ocrx_word' id='word_1_143' title='bbox 900 2123 1087 2218; x_wconf 74' lang='grc' dir='ltr'><strong><em>άνορεόειςς</em></strong></span> 
     </span>
     <span class='ocr_line' id='line_1_20' title="bbox 142 2227 1081 2320; baseline -0.009 -20"><span class='ocrx_word' id='word_1_144' title='bbox 142 2227 169 2300; x_wconf 78' lang='grc' dir='ltr'><em>ὦ</em></span> <span class='ocrx_word' id='word_1_145' title='bbox 192 2232 314 2317; x_wconf 86' lang='grc' dir='ltr'><strong><em>πέπον,</em></strong></span> <span class='ocrx_word' id='word_1_146' title='bbox 339 2228 453 2302; x_wconf 80' lang='grc' dir='ltr'><strong><em>οῦτοι</em></strong></span> <span class='ocrx_word' id='word_1_147' title='bbox 479 2234 588 2320; x_wconf 80' lang='grc' dir='ltr'><strong><em>Τρῶες</em></strong></span> <span class='ocrx_word' id='word_1_148' title='bbox 611 2228 802 2300; x_wconf 87' lang='grc' dir='ltr'><strong><em>όνειδείυισι</em></strong></span> <span class='ocrx_word' id='word_1_149' title='bbox 823 2229 983 2299; x_wconf 76' lang='grc' dir='ltr'><strong><em>νέπεσσιν</em></strong></span> <span class='ocrx_word' id='word_1_150' title='bbox 1078 2285 1081 2292; x_wconf 94' lang='grc'>.</span> 
     </span>
     <span class='ocr_line' id='line_1_21' title="bbox 143 2329 975 2424; baseline -0.005 -20"><span class='ocrx_word' id='word_1_151' title='bbox 143 2338 256 2424; x_wconf 79' lang='grc' dir='ltr'><strong><em>νεκροῦ</em></strong></span> <span class='ocrx_word' id='word_1_152' title='bbox 276 2335 480 2424; x_wconf 86' lang='grc' dir='ltr'><strong><em>χωρήσουσι·</em></strong></span> <span class='ocrx_word' id='word_1_153' title='bbox 502 2334 612 2420; x_wconf 88' lang='grc' dir='ltr'><strong><em>πάρος</em></strong></span> <span class='ocrx_word' id='word_1_154' title='bbox 632 2333 707 2400; x_wconf 86' lang='grc' dir='ltr'><strong><em>τινά</em></strong></span> <span class='ocrx_word' id='word_1_155' title='bbox 726 2336 807 2398; x_wconf 77' lang='grc' dir='ltr'><strong><em>ταῖα</em></strong></span> <span class='ocrx_word' id='word_1_156' title='bbox 827 2329 975 2414; x_wconf 85' lang='grc' dir='ltr'><strong><em>καθέξει.</em></strong></span> 
     </span>
     <span class='ocr_line' id='line_1_22' title="bbox 90 2431 1083 2528; baseline -0.004 -20"><span class='ocrx_word' id='word_1_157' title='bbox 90 2469 128 2509; x_wconf 72' lang='lat' dir='ltr'><strong><em>sao</em></strong></span> <span class='ocrx_word' id='word_1_158' title='bbox 143 2438 177 2507; x_wconf 79' lang='grc' dir='ltr'><strong><em>ἐν</em></strong></span> <span class='ocrx_word' id='word_1_159' title='bbox 197 2439 259 2524; x_wconf 70' lang='grc' dir='ltr'><strong><em>κάρ</em></strong></span> <span class='ocrx_word' id='word_1_160' title='bbox 281 2436 372 2525; x_wconf 85' lang='grc' dir='ltr'><strong><em>χερσὶ</em></strong></span> <span class='ocrx_word' id='word_1_161' title='bbox 393 2435 487 2514; x_wconf 85' lang='grc' dir='ltr'><strong><em>τέλος</em></strong></span> <span class='ocrx_word' id='word_1_162' title='bbox 508 2433 669 2518; x_wconf 85' lang='grc' dir='ltr'><strong><em>πολέμου,</em></strong></span> <span class='ocrx_word' id='word_1_163' title='bbox 690 2433 817 2501; x_wconf 70' lang='grc' dir='ltr'><strong><em>εεπέων</em></strong></span> <span class='ocrx_word' id='word_1_164' title='bbox 841 2431 879 2501; x_wconf 79' lang='grc' dir='ltr'><strong><em>δ’·</em></strong></span> <span class='ocrx_word' id='word_1_165' title='bbox 895 2433 944 2503; x_wconf 80' lang='grc' dir='ltr'><strong><em>ένὶ</em></strong></span> <span class='ocrx_word' id='word_1_166' title='bbox 965 2438 1083 2528; x_wconf 80' lang='grc' dir='ltr'><strong><em>βουλῇ·</em></strong></span> 
     </span>
     <span class='ocr_line' id='line_1_23' title="bbox 143 2531 1060 2629; baseline -0.001 -22"><span class='ocrx_word' id='word_1_167' title='bbox 143 2542 192 2629; x_wconf 76' lang='grc' dir='ltr'><strong><em>τῷ</em></strong></span> <span class='ocrx_word' id='word_1_168' title='bbox 214 2536 252 2605; x_wconf 78' lang='grc' dir='ltr'><strong><em>οό</em></strong></span> <span class='ocrx_word' id='word_1_169' title='bbox 273 2563 308 2603; x_wconf 93' lang='grc' dir='ltr'><strong><em>τι</em></strong></span> <span class='ocrx_word' id='word_1_170' title='bbox 325 2538 388 2625; x_wconf 76' lang='grc' dir='ltr'><strong><em>’χρή</em></strong></span> <span class='ocrx_word' id='word_1_171' title='bbox 411 2538 521 2621; x_wconf 86' lang='grc' dir='ltr'><strong><em>μῦθον</em></strong></span> <span class='ocrx_word' id='word_1_172' title='bbox 543 2531 731 2626; x_wconf 83' lang='grc' dir='ltr'><strong><em>όφελλέμεν,</em></strong></span> <span class='ocrx_word' id='word_1_173' title='bbox 756 2531 839 2602; x_wconf 87' lang='grc' dir='ltr'><strong><em>άλλά</em></strong></span> <span class='ocrx_word' id='word_1_174' title='bbox 863 2535 1060 2621; x_wconf 77' lang='grc' dir='ltr'><strong><em>μάχεσθαι.”</em></strong></span> 
     </span>
     <span class='ocr_line' id='line_1_24' title="bbox 186 2631 1208 2733; baseline 0 -24"><span class='ocrx_word' id='word_1_175' title='bbox 186 2633 230 2723; x_wconf 84' lang='grc' dir='ltr'><strong><em>ὧς</em></strong></span> <span class='ocrx_word' id='word_1_176' title='bbox 251 2639 379 2707; x_wconf 72' lang='grc' dir='ltr'><strong><em>εειπών</em></strong></span> <span class='ocrx_word' id='word_1_177' title='bbox 402 2631 420 2706; x_wconf 81' lang='grc' dir='ltr'>ὃ</span> <span class='ocrx_word' id='word_1_178' title='bbox 440 2640 500 2723; x_wconf 83' lang='grc' dir='ltr'><strong><em>μὲν</em></strong></span> <span class='ocrx_word' id='word_1_179' title='bbox 520 2631 601 2728; x_wconf 74' lang='grc' dir='ltr'><strong><em>ἦρχ’,</em></strong></span> <span class='ocrx_word' id='word_1_180' title='bbox 626 2631 646 2705; x_wconf 82' lang='grc' dir='ltr'><strong><em>δ</em></strong></span> <span class='ocrx_word' id='word_1_181' title='bbox 668 2635 698 2704; x_wconf 84' lang='grc' dir='ltr'><strong><em>δ</em></strong></span> <span class='ocrx_word' id='word_1_182' title='bbox 722 2634 780 2722; x_wconf 76' lang='grc' dir='ltr'><strong><em>ἅμ’</em></strong></span> <span class='ocrx_word' id='word_1_183' title='bbox 804 2636 926 2707; x_wconf 72' lang='grc' dir='ltr'><strong><em>ἕσπετο</em></strong></span> <span class='ocrx_word' id='word_1_184' title='bbox 945 2640 1107 2722; x_wconf 70' lang='grc' dir='ltr'><strong><em>εισόθεος</em></strong></span> <span class='ocrx_word' id='word_1_185' title='bbox 1128 2640 1208 2733; x_wconf 85' lang='grc' dir='ltr'><strong><em>φώς.</em></strong></span> 
     </span>
     <span class='ocr_line' id='line_1_25' title="bbox 143 2735 1071 2836; baseline 0 -25"><span class='ocrx_word' id='word_1_186' title='bbox 143 2746 208 2811; x_wconf 83' lang='grc' dir='ltr'><strong><em>τῶν</em></strong></span> <span class='ocrx_word' id='word_1_187' title='bbox 231 2740 271 2826; x_wconf 78' lang='grc' dir='ltr'><strong><em>δ’,</em></strong></span> <span class='ocrx_word' id='word_1_188' title='bbox 294 2739 339 2822; x_wconf 81' lang='grc' dir='ltr'><strong><em>ὥς</em></strong></span> <span class='ocrx_word' id='word_1_189' title='bbox 359 2766 396 2808; x_wconf 91' lang='grc' dir='ltr'><strong><em>τε</em></strong></span> <span class='ocrx_word' id='word_1_190' title='bbox 418 2739 586 2831; x_wconf 83' lang='grc' dir='ltr'><strong><em>δρυτόμων</em></strong></span> <span class='ocrx_word' id='word_1_191' title='bbox 608 2736 735 2826; x_wconf 83' lang='grc' dir='ltr'><strong><em>άνδράιν</em></strong></span> <span class='ocrx_word' id='word_1_192' title='bbox 757 2735 944 2830; x_wconf 74' lang='grc' dir='ltr'><strong><em>όρυματδδς</em></strong></span> <span class='ocrx_word' id='word_1_193' title='bbox 966 2737 1071 2836; x_wconf 84' lang='grc' dir='ltr'><strong><em>όράρη</em></strong></span> 
     </span>
     <span class='ocr_line' id='line_1_26' title="bbox 145 2839 1035 2938; baseline -0.002 -23"><span class='ocrx_word' id='word_1_194' title='bbox 145 2843 256 2938; x_wconf 75' lang='grc' dir='ltr'><strong><em>σ’όρεος</em></strong></span> <span class='ocrx_word' id='word_1_195' title='bbox 278 2844 311 2912; x_wconf 75' lang='grc' dir='ltr'><strong><em>ἐν</em></strong></span> <span class='ocrx_word' id='word_1_196' title='bbox 331 2842 471 2934; x_wconf 79' lang='grc' dir='ltr'><strong><em>βήσσῃς</em></strong></span> <span class='ocrx_word' id='word_1_197' title='bbox 493 2843 637 2911; x_wconf 76' lang='grc' dir='ltr'><strong><em>νέκαθεν</em></strong></span> <span class='ocrx_word' id='word_1_198' title='bbox 659 2840 698 2908; x_wconf 88' lang='grc' dir='ltr'><strong><em>δέ</em></strong></span> <span class='ocrx_word' id='word_1_199' title='bbox 717 2867 753 2908; x_wconf 87' lang='grc' dir='ltr'><strong><em>τε</em></strong></span> <span class='ocrx_word' id='word_1_200' title='bbox 774 2839 894 2910; x_wconf 66' lang='grc' dir='ltr'><strong><em>τίινεό</em></strong></span> <span class='ocrx_word' id='word_1_201' title='bbox 919 2842 1035 2935; x_wconf 87' lang='grc' dir='ltr'><strong><em>άκουή·</em></strong></span> 
     </span>
     <span class='ocr_line' id='line_1_27' title="bbox 91 2940 1012 3038; baseline 0 -23"><span class='ocrx_word' id='word_1_202' title='bbox 91 2974 129 3016; x_wconf 82' lang='lat'><strong><em>6³5</em></strong></span> <span class='ocrx_word' id='word_1_203' title='bbox 145 2942 189 3031; x_wconf 86' lang='grc' dir='ltr'><strong><em>ὧς</em></strong></span> <span class='ocrx_word' id='word_1_204' title='bbox 210 2950 274 3016; x_wconf 85' lang='grc' dir='ltr'><strong><em>τιῦν</em></strong></span> <span class='ocrx_word' id='word_1_205' title='bbox 296 2944 418 3038; x_wconf 78' lang='grc' dir='ltr'><strong><em>ὤρνυτο</em></strong></span> <span class='ocrx_word' id='word_1_206' title='bbox 441 2947 566 3027; x_wconf 81' lang='grc' dir='ltr'><strong><em>δοῦπος</em></strong></span> <span class='ocrx_word' id='word_1_207' title='bbox 588 2940 659 3012; x_wconf 89' lang='grc' dir='ltr'><strong><em>άπδ</em></strong></span> <span class='ocrx_word' id='word_1_208' title='bbox 679 2944 801 3029; x_wconf 84' lang='grc' dir='ltr'><strong><em>χθονός</em></strong></span> <span class='ocrx_word' id='word_1_209' title='bbox 823 2941 1012 3037; x_wconf 76' lang='grc' dir='ltr'><strong><em>εὐρυοδείης</em></strong></span> 
     </span>
     <span class='ocr_line' id='line_1_28' title="bbox 143 3043 898 3140; baseline -0.008 -20"><span class='ocrx_word' id='word_1_210' title='bbox 143 3052 263 3136; x_wconf 81' lang='grc' dir='ltr'><strong><em>χαλκοῦ</em></strong></span> <span class='ocrx_word' id='word_1_211' title='bbox 284 3077 321 3118; x_wconf 88' lang='grc' dir='ltr'><strong><em>τε</em></strong></span> <span class='ocrx_word' id='word_1_212' title='bbox 343 3052 434 3140; x_wconf 83' lang='grc' dir='ltr'><strong><em>ῥινοῦ</em></strong></span> <span class='ocrx_word' id='word_1_213' title='bbox 454 3075 491 3117; x_wconf 91' lang='grc' dir='ltr'><strong><em>τε</em></strong></span> <span class='ocrx_word' id='word_1_214' title='bbox 512 3049 599 3136; x_wconf 85' lang='grc' dir='ltr'><strong><em>βοῶν</em></strong></span> <span class='ocrx_word' id='word_1_215' title='bbox 620 3043 650 3114; x_wconf 76' lang='grc' dir='ltr'><strong><em>τ’</em></strong></span> <span class='ocrx_word' id='word_1_216' title='bbox 673 3046 898 3136; x_wconf 76' lang='grc' dir='ltr'><strong><em>ἐυποιητάων,</em></strong></span> 
     </span>
     <span class='ocr_line' id='line_1_29' title="bbox 143 3145 1033 3242; baseline -0.002 -20"><span class='ocrx_word' id='word_1_217' title='bbox 143 3151 345 3239; x_wconf 89' lang='grc' dir='ltr'><strong><em>νυσσομένων</em></strong></span> <span class='ocrx_word' id='word_1_218' title='bbox 367 3151 497 3242; x_wconf 85' lang='grc' dir='ltr'><strong><em>ξίφεσίν</em></strong></span> <span class='ocrx_word' id='word_1_219' title='bbox 518 3177 555 3220; x_wconf 89' lang='grc' dir='ltr'><strong><em>τε</em></strong></span> <span class='ocrx_word' id='word_1_220' title='bbox 575 3150 634 3219; x_wconf 82' lang='grc' dir='ltr'><strong><em>καί</em></strong></span> <span class='ocrx_word' id='word_1_221' title='bbox 654 3146 782 3234; x_wconf 73' lang='grc' dir='ltr'><strong><em>άνχεσιν</em></strong></span> <span class='ocrx_word' id='word_1_222' title='bbox 803 3145 1033 3241; x_wconf 71' lang='grc' dir='ltr'><strong><em>άμφιτάοισιν.</em></strong></span> 
     </span>
     <span class='ocr_line' id='line_1_30' title="bbox 146 3249 1038 3345; baseline -0.002 -21"><span class='ocrx_word' id='word_1_223' title='bbox 146 3253 215 3325; x_wconf 78' lang='grc' dir='ltr'><strong><em>οὐδ’</em></strong></span> <span class='ocrx_word' id='word_1_224' title='bbox 241 3251 281 3322; x_wconf 78' lang='grc' dir='ltr'><strong><em>δν</em></strong></span> <span class='ocrx_word' id='word_1_225' title='bbox 303 3252 352 3323; x_wconf 75' lang='grc' dir='ltr'><strong><em>ότι</em></strong></span> <span class='ocrx_word' id='word_1_226' title='bbox 375 3254 536 3345; x_wconf 80' lang='grc' dir='ltr'><strong><em>φράδμων</em></strong></span> <span class='ocrx_word' id='word_1_227' title='bbox 556 3279 620 3344; x_wconf 91' lang='grc' dir='ltr'><strong><em>περ</em></strong></span> <span class='ocrx_word' id='word_1_228' title='bbox 643 3249 721 3342; x_wconf 87' lang='grc' dir='ltr'><strong><em>άνήρ</em></strong></span> <span class='ocrx_word' id='word_1_229' title='bbox 742 3253 944 3343; x_wconf 82' lang='grc' dir='ltr'><strong><em>Σαρπηδόνα</em></strong></span> <span class='ocrx_word' id='word_1_230' title='bbox 966 3255 1038 3322; x_wconf 87' lang='grc' dir='ltr'><strong><em>δῖον</em></strong></span> 
     </span>
     <span class='ocr_line' id='line_1_31' title="bbox 145 3353 1135 3447; baseline -0.004 -20"><span class='ocrx_word' id='word_1_231' title='bbox 145 3357 240 3440; x_wconf 74' lang='grc' dir='ltr'><strong><em>έτνω,</em></strong></span> <span class='ocrx_word' id='word_1_232' title='bbox 264 3357 340 3425; x_wconf 79' lang='grc' dir='ltr'><strong><em>ἐπεὶ</em></strong></span> <span class='ocrx_word' id='word_1_233' title='bbox 362 3356 514 3443; x_wconf 88' lang='grc' dir='ltr'><strong><em>βελέεσσι</em></strong></span> <span class='ocrx_word' id='word_1_234' title='bbox 535 3355 595 3421; x_wconf 86' lang='grc' dir='ltr'><strong><em>καὶ</em></strong></span> <span class='ocrx_word' id='word_1_235' title='bbox 616 3355 736 3439; x_wconf 77' lang='grc' dir='ltr'><strong><em>αἵματι</em></strong></span> <span class='ocrx_word' id='word_1_236' title='bbox 757 3356 815 3422; x_wconf 83' lang='grc' dir='ltr'><strong><em>καὶ</em></strong></span> <span class='ocrx_word' id='word_1_237' title='bbox 837 3353 985 3447; x_wconf 79' lang='grc' dir='ltr'><strong><em>κονίῃσιν</em></strong></span> <span class='ocrx_word' id='word_1_238' title='bbox 1133 3429 1135 3433; x_wconf 52' lang='grc'><strong><em>,</em></strong></span> 
     </span>
     <span class='ocr_line' id='line_1_32' title="bbox 93 3454 1043 3551; baseline -0.007 -19"><span class='ocrx_word' id='word_1_239' title='bbox 93 3493 133 3533; x_wconf 82' lang='grc' dir='ltr'><strong><em>ιω</em></strong></span> <span class='ocrx_word' id='word_1_240' title='bbox 148 3463 184 3531; x_wconf 74' lang='grc' dir='ltr'><strong><em>ἐκ</em></strong></span> <span class='ocrx_word' id='word_1_241' title='bbox 205 3461 350 3551; x_wconf 80' lang='grc' dir='ltr'><strong><em>κεφαλῆς</em></strong></span> <span class='ocrx_word' id='word_1_242' title='bbox 370 3456 500 3525; x_wconf 74' lang='grc' dir='ltr'><strong><em>εείλυτο</em></strong></span> <span class='ocrx_word' id='word_1_243' title='bbox 522 3456 705 3543; x_wconf 82' lang='grc' dir='ltr'><strong><em>διαμπερές</em></strong></span> <span class='ocrx_word' id='word_1_244' title='bbox 726 3455 761 3536; x_wconf 81' lang='grc' dir='ltr'><strong><em>ἐς</em></strong></span> <span class='ocrx_word' id='word_1_245' title='bbox 782 3456 892 3537; x_wconf 89' lang='grc' dir='ltr'><strong><em>πόδας</em></strong></span> <span class='ocrx_word' id='word_1_246' title='bbox 915 3454 1043 3545; x_wconf 83' lang='grc' dir='ltr'><strong><em>δίκρους.</em></strong></span> 
     </span>
     <span class='ocr_line' id='line_1_33' title="bbox 149 3554 981 3650; baseline -0.007 -17"><span class='ocrx_word' id='word_1_247' title='bbox 149 3560 184 3633; x_wconf 75' lang='grc' dir='ltr'><strong><em>οἳ</em></strong></span> <span class='ocrx_word' id='word_1_248' title='bbox 203 3560 236 3631; x_wconf 77' lang='grc' dir='ltr'><strong><em>δ’</em></strong></span> <span class='ocrx_word' id='word_1_249' title='bbox 260 3560 328 3630; x_wconf 80' lang='grc' dir='ltr'><strong><em>αἰεὶ</em></strong></span> <span class='ocrx_word' id='word_1_250' title='bbox 350 3562 428 3650; x_wconf 85' lang='grc' dir='ltr'><strong><em>περὶ</em></strong></span> <span class='ocrx_word' id='word_1_251' title='bbox 449 3560 563 3649; x_wconf 85' lang='grc' dir='ltr'><strong><em>νεκρόν</em></strong></span> <span class='ocrx_word' id='word_1_252' title='bbox 584 3555 717 3644; x_wconf 87' lang='grc' dir='ltr'><strong><em>ὁμίλεον</em></strong></span> <span class='ocrx_word' id='word_1_253' title='bbox 740 3554 785 3638; x_wconf 81' lang='grc' dir='ltr'><strong><em>άς</em></strong></span> <span class='ocrx_word' id='word_1_254' title='bbox 807 3557 863 3626; x_wconf 82' lang='grc' dir='ltr'><strong><em>ὅτε</em></strong></span> <span class='ocrx_word' id='word_1_255' title='bbox 884 3565 981 3644; x_wconf 89' lang='grc' dir='ltr'><strong><em>μυῖαι</em></strong></span> 
     </span>
     <span class='ocr_line' id='line_1_34' title="bbox 149 3659 1047 3754; baseline -0.007 -18"><span class='ocrx_word' id='word_1_256' title='bbox 149 3667 293 3754; x_wconf 79' lang='grc' dir='ltr'><strong><em>σταθμῷ</em></strong></span> <span class='ocrx_word' id='word_1_257' title='bbox 315 3659 364 3731; x_wconf 75' lang='grc' dir='ltr'><strong><em>ἔνι</em></strong></span> <span class='ocrx_word' id='word_1_258' title='bbox 385 3661 552 3752; x_wconf 87' lang='grc' dir='ltr'><strong><em>βρομέωσι</em></strong></span> <span class='ocrx_word' id='word_1_259' title='bbox 574 3661 793 3750; x_wconf 72' lang='grc' dir='ltr'><strong><em>περινλασέας</em></strong></span> <span class='ocrx_word' id='word_1_260' title='bbox 814 3661 899 3728; x_wconf 85' lang='grc' dir='ltr'><strong><em>κατά</em></strong></span> <span class='ocrx_word' id='word_1_261' title='bbox 921 3661 1047 3744; x_wconf 87' lang='grc' dir='ltr'><strong><em>πέλλας</em></strong></span> 
     </span>
     <span class='ocr_line' id='line_1_35' title="bbox 149 3759 986 3862; baseline -0.006 -24"><span class='ocrx_word' id='word_1_262' title='bbox 149 3769 217 3862; x_wconf 77' lang='grc' dir='ltr'><strong><em>ὥρη</em></strong></span> <span class='ocrx_word' id='word_1_263' title='bbox 239 3768 274 3838; x_wconf 76' lang='grc' dir='ltr'><strong><em>ἐν</em></strong></span> <span class='ocrx_word' id='word_1_264' title='bbox 294 3768 458 3856; x_wconf 72' lang='grc' dir='ltr'><strong><em>εειαρινῇ,</em></strong></span> <span class='ocrx_word' id='word_1_265' title='bbox 482 3762 537 3832; x_wconf 83' lang='grc' dir='ltr'><strong><em>ὅτε</em></strong></span> <span class='ocrx_word' id='word_1_266' title='bbox 556 3789 593 3832; x_wconf 89' lang='grc' dir='ltr'><strong><em>τε</em></strong></span> <span class='ocrx_word' id='word_1_267' title='bbox 614 3763 735 3843; x_wconf 63' lang='grc' dir='ltr'><strong><em>πλάτος</em></strong></span> <span class='ocrx_word' id='word_1_268' title='bbox 756 3759 859 3832; x_wconf 76' lang='grc' dir='ltr'><strong><em>ότι-ευ</em></strong></span> <span class='ocrx_word' id='word_1_269' title='bbox 882 3763 986 3833; x_wconf 82' lang='grc' dir='ltr'><strong><em>δεάει·</em></strong></span> 
     </span>
     <span class='ocr_line' id='line_1_36' title="bbox 149 3862 1085 3964; baseline -0.004 -22"><span class='ocrx_word' id='word_1_270' title='bbox 149 3867 193 3956; x_wconf 82' lang='grc' dir='ltr'><strong><em>ὦς</em></strong></span> <span class='ocrx_word' id='word_1_271' title='bbox 215 3871 280 3964; x_wconf 86' lang='grc' dir='ltr'><strong><em>άρα</em></strong></span> <span class='ocrx_word' id='word_1_272' title='bbox 300 3870 355 3940; x_wconf 82' lang='grc' dir='ltr'><strong><em>τοὶ</em></strong></span> <span class='ocrx_word' id='word_1_273' title='bbox 377 3869 457 3956; x_wconf 86' lang='grc' dir='ltr'><strong><em>περὶ</em></strong></span> <span class='ocrx_word' id='word_1_274' title='bbox 477 3869 588 3958; x_wconf 86' lang='grc' dir='ltr'><strong><em>νεκρὸν</em></strong></span> <span class='ocrx_word' id='word_1_275' title='bbox 610 3864 751 3952; x_wconf 87' lang='grc' dir='ltr'><strong><em>ὁμίλεον.</em></strong></span> <span class='ocrx_word' id='word_1_276' title='bbox 799 3863 876 3936; x_wconf 82' lang='grc' dir='ltr'><strong><em>υόδέ</em></strong></span> <span class='ocrx_word' id='word_1_277' title='bbox 896 3891 978 3937; x_wconf 83' lang='grc' dir='ltr'><strong><em>ποτε</em></strong></span> <span class='ocrx_word' id='word_1_278' title='bbox 999 3862 1085 3951; x_wconf 79' lang='grc' dir='ltr'><strong><em>Ζεύς</em></strong></span> 
     </span>
     <span class='ocr_line' id='line_1_37' title="bbox 96 3968 958 4065; baseline -0.008 -21"><span class='ocrx_word' id='word_1_279' title='bbox 96 4003 135 4044; x_wconf 77' lang='grc' dir='ltr'><strong><em>εει</em></strong></span> <span class='ocrx_word' id='word_1_280' title='bbox 149 3978 267 4065; x_wconf 81' lang='grc' dir='ltr'><strong><em>τρέψεν</em></strong></span> <span class='ocrx_word' id='word_1_281' title='bbox 289 3972 360 4044; x_wconf 88' lang='grc' dir='ltr'><strong><em>άπδ</em></strong></span> <span class='ocrx_word' id='word_1_282' title='bbox 382 3975 538 4064; x_wconf 83' lang='grc' dir='ltr'><strong><em>κρατερῆς</em></strong></span> <span class='ocrx_word' id='word_1_283' title='bbox 558 3968 694 4062; x_wconf 75' lang='grc' dir='ltr'><strong><em>ὑσμίνης</em></strong></span> <span class='ocrx_word' id='word_1_284' title='bbox 717 3969 796 4040; x_wconf 83' lang='grc' dir='ltr'><strong><em>όσσε</em></strong></span> <span class='ocrx_word' id='word_1_285' title='bbox 817 3969 958 4062; x_wconf 84' lang='grc' dir='ltr'><strong><em>φαεινώ,</em></strong></span> 
     </span>
     <span class='ocr_line' id='line_1_38' title="bbox 149 4071 1031 4166; baseline -0.002 -21"><span class='ocrx_word' id='word_1_286' title='bbox 149 4077 232 4147; x_wconf 86' lang='grc' dir='ltr'><strong><em>άλλά</em></strong></span> <span class='ocrx_word' id='word_1_287' title='bbox 253 4074 329 4146; x_wconf 76' lang='grc' dir='ltr'><strong><em>κατ’</em></strong></span> <span class='ocrx_word' id='word_1_288' title='bbox 352 4073 472 4158; x_wconf 79' lang='grc' dir='ltr'><strong><em>αὐτοῦς</em></strong></span> <span class='ocrx_word' id='word_1_289' title='bbox 493 4072 565 4143; x_wconf 77' lang='grc' dir='ltr'><strong><em>αἰέν</em></strong></span> <span class='ocrx_word' id='word_1_290' title='bbox 587 4071 661 4161; x_wconf 84' lang='grc' dir='ltr'><strong><em>ὅρα,</em></strong></span> <span class='ocrx_word' id='word_1_291' title='bbox 683 4075 741 4143; x_wconf 82' lang='grc' dir='ltr'><strong><em>καὶ</em></strong></span> <span class='ocrx_word' id='word_1_292' title='bbox 763 4073 908 4166; x_wconf 86' lang='grc' dir='ltr'><strong><em>φράζετο</em></strong></span> <span class='ocrx_word' id='word_1_293' title='bbox 929 4077 1031 4164; x_wconf 77' lang='grc' dir='ltr'><strong><em>θυμῷ</em></strong></span> 
     </span>
    </p>
   </div>
   <div class='ocr_carea' id='block_1_3' title="bbox 185 4316 1046 4480">
    <p class='ocr_par' dir='ltr' id='par_1_3' title="bbox 185 4316 1046 4480">
     <span class='ocr_line' id='line_1_39' title="bbox 185 4316 936 4391; baseline -0.005 -18"><span class='ocrx_word' id='word_1_294' title='bbox 185 4323 233 4374; x_wconf 74' lang='grc'><strong><em>614</em></strong></span> <span class='ocrx_word' id='word_1_295' title='bbox 253 4319 339 4391; x_wconf 72' lang='grc' dir='ltr'><strong><em>αἰχμή</em></strong></span> <span class='ocrx_word' id='word_1_296' title='bbox 360 4319 387 4372; x_wconf 78' lang='grc' dir='ltr'><strong><em>δ’</em></strong></span> <span class='ocrx_word' id='word_1_297' title='bbox 408 4321 526 4373; x_wconf 64' lang='grc' dir='ltr'><strong><em>Αἰνείαο</em></strong></span> <span class='ocrx_word' id='word_1_298' title='bbox 545 4317 750 4389; x_wconf 75' lang='grc' dir='ltr'><strong><em>κραδαινομένη</em></strong></span> <span class='ocrx_word' id='word_1_299' title='bbox 769 4316 837 4371; x_wconf 79' lang='grc' dir='ltr'><strong><em>κατὰ</em></strong></span> <span class='ocrx_word' id='word_1_300' title='bbox 855 4320 936 4384; x_wconf 72' lang='grc' dir='ltr'><strong><em>ταλης</em></strong></span> 
     </span>
     <span class='ocr_line' id='line_1_40' title="bbox 249 4398 1046 4480; baseline -0.003 -23"><span class='ocrx_word' id='word_1_301' title='bbox 249 4401 339 4480; x_wconf 80' lang='grc' dir='ltr'><strong><em>ᾤχετ’,</em></strong></span> <span class='ocrx_word' id='word_1_302' title='bbox 358 4405 423 4457; x_wconf 72' lang='grc' dir='ltr'><strong><em>ἐπεί</em></strong></span> <span class='ocrx_word' id='word_1_303' title='bbox 439 4401 466 4476; x_wconf 77' lang='grc' dir='ltr'><strong><em>ῥ’</em></strong></span> <span class='ocrx_word' id='word_1_304' title='bbox 488 4399 569 4456; x_wconf 84' lang='grc' dir='ltr'><strong><em>άλιον</em></strong></span> <span class='ocrx_word' id='word_1_305' title='bbox 586 4403 716 4473; x_wconf 81' lang='grc' dir='ltr'><strong><em>στιβαρῆς</em></strong></span> <span class='ocrx_word' id='word_1_306' title='bbox 734 4398 792 4454; x_wconf 84' lang='grc' dir='ltr'><strong><em>άπὸ</em></strong></span> <span class='ocrx_word' id='word_1_307' title='bbox 805 4401 903 4476; x_wconf 82' lang='grc' dir='ltr'><strong><em>χειρὸς</em></strong></span> <span class='ocrx_word' id='word_1_308' title='bbox 920 4399 1046 4472; x_wconf 80' lang='grc' dir='ltr'><strong><em>δρουσεν.</em></strong></span> 
     </span>
    </p>
   </div>
   <div class='ocr_carea' id='block_1_4' title="bbox 0 0 1459 5016">
    <p class='ocr_par' dir='ltr' id='par_1_4' title="bbox 0 0 1459 5016">
     <span class='ocr_line' id='line_1_41' title="bbox 0 0 1459 5016; baseline 0 0"><span class='ocrx_word' id='word_1_309' title='bbox 0 0 1459 5016; x_wconf 95' lang='lat' dir='ltr'><strong><em> </em></strong></span> 
     </span>
    </p>
   </div>
   <div class='ocr_carea' id='block_1_5' title="bbox 1040 4844 1187 4976">
    <p class='ocr_par' dir='ltr' id='par_1_5' title="bbox 1040 4844 1187 4976">
     <span class='ocr_line' id='line_1_42' title="bbox 1040 4844 1187 4976; baseline -0.02 0"><span class='ocrx_word' id='word_1_310' title='bbox 1040 4844 1187 4976; x_wconf 53' lang='lat' dir='ltr'><strong><em>X.</em></strong></span> 
     </span>
    </p>
   </div>
  </div>
 </body>
</html>
