2872 5016
573 281 597 329 ε.
635 278 815 330 ικιιΔοῑ
835 280 859 329 ο
1205 276 1268 342 129

167 432 298 522 ἅρματα
321 433 353 501 δ’
375 429 420 519 ὀίμ
447 439 592 519 βωμοῖσι
613 434 710 523 τίθη,
734 434 819 500 κατὰ
840 435 916 499 λῖτα
939 430 1123 511 πετάσσας·

167 533 267 617 αύτὸς
290 537 328 604 δὲ
349 537 499 624 χρύσειον
521 535 581 602 ἐπὶ
602 535 724 624 θρόνον
747 532 891 624 εόρύοπα
913 534 996 613 Ζεύς

168 637 272 719 έζετο,
296 647 344 725 τῷ
367 635 398 704 δ’
421 635 488 706 ὑπὸ
512 638 616 706 ποσσί
638 637 741 721 μέσας
763 632 951 720 πελεμίζετ’
962 631 1142 719 Ὄλυμπος.

168 737 208 806 αἳ
228 738 259 805 δ’
283 733 353 807 οἷαι
377 742 462 819 Διὸς
484 736 591 829 α’μφίς
611 735 774 828 Ἀθηναίη
796 763 832 804 τε
853 737 911 802 καὶ
925 733 1010 827 Ἥρη

122 866 153 907 ιε
168 840 291 932 ἥσθην,
315 840 394 910 ούδέ
413 841 447 909 τί
468 868 525 927 μιν
547 840 777 932 προσεφώνεον
798 835 870 908 οόδ’
894 837 1032 924 έρέονιο.

169 941 271 1032 αύτάρ
295 940 313 1010 ὃ
337 942 418 1011 ἔτνω
440 946 535 1035 ,τῇσιν
557 943 604 1009 ε’νί.
628 940 739 1033 φρεσί,
763 941 909 1032 φιύνησέν
930 967 965 1007 τε

164 1043 287 1136 (τίφθ’
311 1044 397 1112 οὕτω
418 1044 608 1135 τετίησθον,
632 1041 795 1134 Ἀθηναίη
817 1069 853 1110 τε
875 1044 931 1111 καί
946 1042 1049 1132 Ἥρη,

169 1145 207 1215 ού
227 1148 291 1236 μήν
313 1155 380 1236 θην
402 1145 544 1232 κάμετόν
564 1174 602 1214 τε
623 1147 709 1236 μάχη
733 1145 783 1214 ἔνι
806 1145 992 1236 κυδιανείρῃ

170 1246 306 1317 ὀλλῦσαι
335 1252 460 1334 Τρῶας,
483 1255 589 1317 τοῖσιν
611 1249 707 1317 κότον
730 1246 820 1317 αἰνόν
843 1247 979 1316 ἔθεσθε.

122 1376 157 1416 τεο
172 1350 317 1432 πάντως,
342 1344 413 1418 οἷον
433 1350 515 1437 ε’μύν
535 1377 573 1418 τε
594 1352 690 1434 μένος
711 1350 768 1417 καὶ
788 1356 892 1437 χεῖρες
913 1345 1054 1431 άαπτοι,

172 1450 229 1521 οόν,
253 1450 293 1518 όν
313 1479 354 1536 με
375 1453 533 1544 τρέψειαν
556 1449 630 1520 ὅσοι
655 1451 733 1520 θεοί
755 1448 820 1518 είσ’
842 1451 876 1518 ἐν
895 1447 1057 1540 Ὀλύμπῳ.

172 1557 281 1644 σφῶιν
304 1554 341 1621 δέ
365 1553 443 1642 πρίν
465 1581 527 1645 περ
549 1555 671 1642 τρόμος
694 1551 812 1640 ἔλλαβε
834 1552 981 1642 φαίδιμα
1002 1558 1078 1619 τυῖα

172 1657 251 1744 πρὶν
274 1655 419 1741 πόλεμον
439 1657 562 1725 ειδέειν
584 1655 747 1741 πολέμοιό
767 1680 804 1722 τε
823 1655 968 1743 μέρμερα
988 1655 1095 1741 πέρσα.

174 1750 240 1824 ὦδε
261 1760 323 1843 τάρ
345 1757 495 1842 έκεερέω,
516 1759 556 1825 τὸ
579 1756 618 1825 δέ
638 1782 692 1824 κεν
713 1756 939 1841 τετελεσμένον
960 1750 1027 1845 ἦεν·

122 1886 158 1926 ωε
174 1856 232 1925 ούκ
255 1855 294 1925 ὀίν
316 1856 371 1948 ἐφ’
395 1856 556 1948 ύμετέρων
579 1856 690 1941 ὀχέων,
713 1856 870 1948 πλησέντε
892 1860 1049 1946 κεραυνῷ,

175 1957 227 2048 ὀίψ
249 1957 464 2045 ίςὌλυμττσν
485 1964 637 2040 ἵκεσθον,
660 1956 701 2025 ἵν’
724 1955 902 2028 άθανάτων
925 1958 1000 2038 έδος
1021 1958 1135 2027 ἐστίν’

219 2054 263 2141 ὥς
286 2057 401 2150 ἔφαθ’,
426 2055 465 2127 αἳ
484 2058 516 2129 δ’
539 2061 702 2147 ἐπέμυξαν
722 2058 884 2152 Ἀθηναίη
907 2086 942 2128 τε
964 2061 1020 2129 καί
1034 2060 1136 2151 Ἥρη·

178 2160 316 2252 πλησίαι
342 2165 381 2229 αἳ
399 2160 433 2228 τ’
453 2160 576 2252 ἥσθην,
599 2165 685 2230 κακά
707 2163 744 2230 δὲ
772 2163 919 2252 Τρώεσσι
942 2163 1120 2253 μεδέσθην.

175 2258 196 2353 ἦ
217 2290 271 2331 τοι
294 2262 456 2354 Ἀθηναίη
481 2261 586 2333 δκέων
606 2260 645 2354 ἦν
666 2262 743 2334 ούδέ
763 2292 796 2333 τι
818 2272 944 2346 ειῖπεν,

125 2395 161 2433 ιευ
177 2366 352 2456 σκυζομένη
376 2366 439 2434 Διὶ
462 2366 578 2454 πατρί,
599 2366 696 2450 χόλος
718 2367 756 2435 δέ
775 2394 832 2452 μιν
854 2362 969 2458 άτριος
990 2366 1093 2459 ιη’ρειν·

166 2467 255 2557 Ἥρη
280 2466 312 2533 δ’
337 2465 394 2536 ούκ
417 2465 514 2550 ἔχαδε
536 2472 663 2559 στῆθος
682 2468 790 2554 χόλον,
816 2467 898 2536 (ίλλά
922 2470 1095 2560 προσηύδα

171 2566 189 2591 “
199 2567 349 2636 αἰνότατε
371 2568 530 2661 Κρονίδη,
553 2577 652 2639 ποῖον
672 2573 729 2640 τὸν
749 2575 859 2656 μῦθον
881 2570 1021 2652 έεειπες·

176 2663 210 2737 εδ
233 2697 268 2737 νυ
290 2670 348 2737 καὶ
368 2671 463 2760 ἡμεῖς
483 2670 599 2758 είδμεν
621 2673 640 2741 ὅ
661 2699 714 2741 τοι
736 2676 858 2753 σθένος
880 2671 938 2741 ούκ
961 2670 1168 2741 α’λαπαδνόν·

176 2770 243 2840 ἄλλ’
268 2771 375 2862 ἔμπης
396 2777 536 2841 Δαναῶν
558 2772 785 2866 ὀλοφυρόμεθ’
810 2775 1013 2866 αἰχμητάων,

123 2903 162 2941 ωε
178 2879 213 2942 οἵ
232 2901 286 2942 κεν
308 2876 347 2963 δὴ
371 2877 474 2943 κακόν
495 2870 585 2945 οἶτον
606 2875 855 2967 ἀναπλήσαντες
878 2876 1045 2947 όλωνται.”

218 2979 275 3066 την
299 2974 329 3043 δ’
353 2974 622 3065 α’παμειβόμενος
644 2981 796 3071 προσέφη
819 2982 1055 3071 νεφεληιερέτα
1077 2982 1160 3062 Ζεύς

124 3076 278 3168 ιιο“ἠοι”·ς
301 3081 340 3168 δη
364 3081 422 3147 καὶ
443 3083 568 3164 μᾶλλον
589 3079 770 3169 ὑπερμενέα
793 3081 961 3168 Κρονίωνα

177 3178 292 3269 ὀψεαι,
316 3177 351 3247 εἴ
370 3179 402 3248 κ’
425 3182 613 3270 ἐθέλῃσθα,
637 3189 771 3265 βοῶπις
793 3182 916 3247 πότνια
930 3181 1032 3271 Ἥρη,

179 3280 308 3350 ὀλλύντ’
330 3279 489 3371 Ἀρτείων
510 3284 635 3348 πουλύν
657 3285 793 3370 στρατὸν
815 3282 1019 3374 αἰχμητάων·

177 3382 215 3452 οί·
238 3385 299 3471 τδρ
323 3383 403 3470 πρὶν
425 3380 571 3466 πολέμου
595 3379 829 3453 άπονταύσεται
853 3382 1016 3474 όμβριμος
1028 3386 1155 3473 Ἕκτωρ

179 3488 259 3574 πρὶν
281 3483 385 3575 ὀρθαι
408 3485 501 3573 παρὰ
522 3488 621 3577 ναῦφι
645 3486 800 3556 ποδώκεα
822 3492 1004 3578 Πηλεΐωνα.

124 3619 163 3656 ιιι
180 3580 225 3669 ὧς
246 3589 307 3680 τδρ
330 3587 500 3680 θέσφατον
521 3588 600 3657 έσεί.
627 3590 747 3658 σέθεν
769 3589 801 3658 δ’
823 3591 887 3659 ε’τώ
909 3589 968 3658 ούκ
992 3589 1130 3672 ὀλετίζω

179 3693 357 3782 χωομένης,
381 3688 452 3760 οόδ’
475 3689 510 3761 εἴ
528 3719 565 3759 κε
585 3692 627 3760 τά
648 3693 762 3761 νείατα
784 3692 925 3779 πείραθ’
949 3697 1044 3782 ἵκηαι

180 3793 277 3883 ταίης
299 3796 356 3861 καὶ
378 3793 529 3875 πόντοιο,
553 3792 595 3861 ἵν’
616 3793 765 3874 Ἰαπετός
786 3821 822 3862 τε
843 3795 970 3882 Κρόνος
990 3821 1027 3862 τε

185 3897 202 3920 (Ι

125 3918 166 3957 ιιι
180 3921 294 3987 ημενοι
318 3892 387 3961 ούτ’
410 3892 512 3985 αύνῇς
529 3893 720 3987 Ὑπερίονος
738 3893 888 3964 Ἠελίοιο

215 4093 264 4143 466
283 4088 341 4143 ἀλλ’
361 4085 377 4158 ἦ
396 4109 440 4143 τοι
458 4093 585 4163 πολέμου
601 4092 654 4162 μίν
672 4087 835 4161 ἀφεξόμεθ’,
856 4092 880 4142 εἰ
899 4088 932 4142 σὺ
952 4085 1079 4146 κελεύεις·

281 4175 383 4244 βουλὴν
401 4172 429 4228 δ’
450 4172 584 4247 Ἀρνείοις
602 4173 815 4246 ὑποθησόμεθ’,
836 4169 852 4241 ἦ
871 4192 911 4232 τις
928 4170 1034 4242 ὀνήσει,

283 4258 320 4321 ὥς
335 4259 375 4333 μὴ
393 4258 495 4318 πάντες
513 4259 631 4315 ὄλωνται
649 4257 858 4330 ὀδυσσαμένοιο
877 4264 956 4312 τεεῖο.

218 4348 267 4398 475
285 4342 370 4419 ἤματι
387 4349 425 4415 τῷ
443 4343 476 4398 ὅτ
506 4344 543 4399 ἂν
561 4347 590 4397 οἳ
606 4345 660 4417 μὲν
677 4345 723 4397 ἐπὶ
745 4339 889 4416 πρύμνησι
906 4341 1064 4415 μάχωνται,

284 4437 385 4488 στείνει
403 4431 433 4485 ἐν
450 4427 596 4498 αἰνοτάτῳ,
617 4432 681 4498 περὶ
700 4424 874 4497 Πατρόκλοιο
893 4423 1038 4484 πεσόντος.

1112 4521 1126 4566 9
