<?xml version="1.0" encoding="UTF-8"?>
<!DOCTYPE html PUBLIC "-//W3C//DTD XHTML 1.0 Transitional//EN"
    "http://www.w3.org/TR/xhtml1/DTD/xhtml1-transitional.dtd">
<html xmlns="http://www.w3.org/1999/xhtml" xml:lang="en" lang="en">
 <head>
  <title>
</title>
<meta http-equiv="Content-Type" content="text/html;charset=utf-8" />
  <meta name='ocr-system' content='tesseract 3.04.00' />
  <meta name='ocr-capabilities' content='ocr_page ocr_carea ocr_par ocr_line ocrx_word'/>
</head>
<body>
  <div class='ocr_page' id='page_1' title='image "./carminahomerica00homegoog_0248.png"; bbox 0 0 2872 5016; ppageno 0'>
   <div class='ocr_carea' id='block_1_1' title="bbox 581 287 879 341">
    <p class='ocr_par' dir='ltr' id='par_1_1' title="bbox 581 287 879 341">
     <span class='ocr_line' id='line_1_1' title="bbox 581 287 879 341; baseline 0 -3"><span class='ocrx_word' id='word_1_1' title='bbox 581 293 621 341; x_wconf 79' lang='lat'><strong><em>15.</em></strong></span> <span class='ocrx_word' id='word_1_2' title='bbox 659 287 836 341; x_wconf 76' lang='grc' dir='ltr'><strong>ΙΛΙΔΔΟΣ</strong></span> <span class='ocrx_word' id='word_1_3' title='bbox 855 289 879 338; x_wconf 91' lang='lat'>0</span> 
     </span>
    </p>
   </div>
   <div class='ocr_carea' id='block_1_2' title="bbox 140 440 1144 2466">
    <p class='ocr_par' dir='ltr' id='par_1_2' title="bbox 179 440 1107 737">
     <span class='ocr_line' id='line_1_2' title="bbox 179 440 1107 532; baseline -0.001 -22"><span class='ocrx_word' id='word_1_4' title='bbox 179 444 236 511; x_wconf 86' lang='grc' dir='ltr'><strong><em>καί</em></strong></span> <span class='ocrx_word' id='word_1_5' title='bbox 256 445 296 510; x_wconf 86' lang='grc' dir='ltr'><strong><em>τὸ</em></strong></span> <span class='ocrx_word' id='word_1_6' title='bbox 316 441 549 527; x_wconf 80' lang='grc' dir='ltr'><strong><em>κατειβόμενον</em></strong></span> <span class='ocrx_word' id='word_1_7' title='bbox 570 443 694 522; x_wconf 80' lang='grc' dir='ltr'><strong><em>Στυτδς</em></strong></span> <span class='ocrx_word' id='word_1_8' title='bbox 713 442 814 532; x_wconf 73' lang='grc' dir='ltr'><strong><em>ὕδωρ,</em></strong></span> <span class='ocrx_word' id='word_1_9' title='bbox 838 441 875 522; x_wconf 86' lang='grc' dir='ltr'><strong><em>ὅς</em></strong></span> <span class='ocrx_word' id='word_1_10' title='bbox 895 467 931 509; x_wconf 90' lang='grc' dir='ltr'><strong><em>τε</em></strong></span> <span class='ocrx_word' id='word_1_11' title='bbox 950 440 1107 526; x_wconf 75' lang='grc' dir='ltr'><strong><em>μεἰιστος</em></strong></span> 
     </span>
     <span class='ocr_line' id='line_1_3' title="bbox 180 543 1035 632; baseline -0.005 -19"><span class='ocrx_word' id='word_1_12' title='bbox 180 543 275 631; x_wconf 86' lang='grc' dir='ltr'><strong><em>όρκος</em></strong></span> <span class='ocrx_word' id='word_1_13' title='bbox 298 544 487 624; x_wconf 90' lang='grc' dir='ltr'><strong><em>δεινότατός</em></strong></span> <span class='ocrx_word' id='word_1_14' title='bbox 507 568 543 610; x_wconf 91' lang='grc' dir='ltr'><strong><em>τε</em></strong></span> <span class='ocrx_word' id='word_1_15' title='bbox 566 543 661 611; x_wconf 85' lang='grc' dir='ltr'><strong><em>πέλει</em></strong></span> <span class='ocrx_word' id='word_1_16' title='bbox 682 544 867 632; x_wconf 79' lang='grc' dir='ltr'><em>μακάρεσσι</em></span> <span class='ocrx_word' id='word_1_17' title='bbox 889 548 1035 626; x_wconf 85' lang='grc' dir='ltr'><strong><em>θεαῖσιν,</em></strong></span> 
     </span>
     <span class='ocr_line' id='line_1_4' title="bbox 181 641 1025 737; baseline -0.002 -24"><span class='ocrx_word' id='word_1_18' title='bbox 181 645 224 736; x_wconf 83' lang='grc' dir='ltr'><strong><em>ση’</em></strong></span> <span class='ocrx_word' id='word_1_19' title='bbox 245 643 288 714; x_wconf 76' lang='grc' dir='ltr'><strong><em>θ’</em></strong></span> <span class='ocrx_word' id='word_1_20' title='bbox 311 644 379 737; x_wconf 79' lang='grc' dir='ltr'><strong><em>ίερη</em></strong></span> <span class='ocrx_word' id='word_1_21' title='bbox 403 647 530 737; x_wconf 71' lang='grc' dir='ltr'><strong><em>κεφαλή</em></strong></span> <span class='ocrx_word' id='word_1_22' title='bbox 554 647 611 713; x_wconf 83' lang='grc' dir='ltr'><strong><em>καὶ</em></strong></span> <span class='ocrx_word' id='word_1_23' title='bbox 632 643 784 733; x_wconf 90' lang='grc' dir='ltr'><strong><em>νωίτερον</em></strong></span> <span class='ocrx_word' id='word_1_24' title='bbox 805 644 897 728; x_wconf 80' lang='grc' dir='ltr'><strong><em>λέχος</em></strong></span> <span class='ocrx_word' id='word_1_25' title='bbox 918 641 1025 711; x_wconf 76' lang='grc' dir='ltr'><strong><em>αὐτῶν</em></strong></span> 
     </span>
    </p>

    <p class='ocr_par' dir='ltr' id='par_1_3' title="bbox 140 742 1131 1244">
     <span class='ocr_line' id='line_1_5' title="bbox 140 742 1131 835; baseline -0.005 -15"><span class='ocrx_word' id='word_1_26' title='bbox 140 782 166 820; x_wconf 87' lang='grc' dir='ltr'><strong><em>ω</em></strong></span> <span class='ocrx_word' id='word_1_27' title='bbox 180 745 360 835; x_wconf 80' lang='grc' dir='ltr'><strong><em>κουρίδιον,</em></strong></span> <span class='ocrx_word' id='word_1_28' title='bbox 382 748 421 815; x_wconf 91' lang='grc' dir='ltr'><strong><em>τδ</em></strong></span> <span class='ocrx_word' id='word_1_29' title='bbox 442 747 501 832; x_wconf 78' lang='grc' dir='ltr'><strong><em>μὲν</em></strong></span> <span class='ocrx_word' id='word_1_30' title='bbox 522 745 579 814; x_wconf 81' lang='grc' dir='ltr'><strong><em>οάκ</em></strong></span> <span class='ocrx_word' id='word_1_31' title='bbox 602 743 642 814; x_wconf 79' lang='grc' dir='ltr'><strong><em>ἀν</em></strong></span> <span class='ocrx_word' id='word_1_32' title='bbox 663 745 727 815; x_wconf 73' lang='grc' dir='ltr'><strong><em>ἐστί</em></strong></span> <span class='ocrx_word' id='word_1_33' title='bbox 749 771 833 814; x_wconf 86' lang='grc' dir='ltr'><strong><em>ποτε</em></strong></span> <span class='ocrx_word' id='word_1_34' title='bbox 853 747 930 834; x_wconf 84' lang='grc' dir='ltr'><strong><em>μάψ</em></strong></span> <span class='ocrx_word' id='word_1_35' title='bbox 952 742 1131 832; x_wconf 89' lang='grc' dir='ltr'><strong><em>όμόσαιμι·</em></strong></span> 
     </span>
     <span class='ocr_line' id='line_1_6' title="bbox 178 847 954 941; baseline -0.004 -24"><span class='ocrx_word' id='word_1_36' title='bbox 178 853 222 939; x_wconf 80' lang='grc' dir='ltr'><strong><em>μη</em></strong></span> <span class='ocrx_word' id='word_1_37' title='bbox 246 847 293 917; x_wconf 73' lang='grc' dir='ltr'><strong><em>δι’</em></strong></span> <span class='ocrx_word' id='word_1_38' title='bbox 314 850 395 941; x_wconf 75' lang='grc' dir='ltr'><strong><em>ἐμὴν</em></strong></span> <span class='ocrx_word' id='word_1_39' title='bbox 418 847 532 940; x_wconf 79' lang='grc' dir='ltr'><strong><em>ἰότητα</em></strong></span> <span class='ocrx_word' id='word_1_40' title='bbox 552 848 751 917; x_wconf 77' lang='grc' dir='ltr'><strong><em>Ποσειδάων</em></strong></span> <span class='ocrx_word' id='word_1_41' title='bbox 771 847 954 931; x_wconf 70' lang='grc' dir='ltr'><strong><em>ἐνοσίχθων</em></strong></span> 
     </span>
     <span class='ocr_line' id='line_1_7' title="bbox 180 946 1102 1042; baseline 0.001 -24"><span class='ocrx_word' id='word_1_42' title='bbox 180 951 340 1041; x_wconf 80' lang='grc' dir='ltr'><strong><em>πημαίνει</em></strong></span> <span class='ocrx_word' id='word_1_43' title='bbox 367 951 482 1042; x_wconf 83' lang='grc' dir='ltr'><strong><em>Τρῶάς</em></strong></span> <span class='ocrx_word' id='word_1_44' title='bbox 502 977 538 1018; x_wconf 89' lang='grc' dir='ltr'><strong><em>τε</em></strong></span> <span class='ocrx_word' id='word_1_45' title='bbox 559 952 615 1018; x_wconf 85' lang='grc' dir='ltr'><strong><em>καὶ</em></strong></span> <span class='ocrx_word' id='word_1_46' title='bbox 629 947 783 1038; x_wconf 81' lang='grc' dir='ltr'><strong><em>Ἕκτορα,</em></strong></span> <span class='ocrx_word' id='word_1_47' title='bbox 805 957 895 1019; x_wconf 87' lang='grc' dir='ltr'><strong><em>τοῖσι</em></strong></span> <span class='ocrx_word' id='word_1_48' title='bbox 918 946 949 1017; x_wconf 80' lang='grc' dir='ltr'><strong><em>δ’</em></strong></span> <span class='ocrx_word' id='word_1_49' title='bbox 973 948 1102 1041; x_wconf 78' lang='grc' dir='ltr'><strong><em>ἀρήν-ει,</em></strong></span> 
     </span>
     <span class='ocr_line' id='line_1_8' title="bbox 179 1049 1030 1140; baseline 0 -22"><span class='ocrx_word' id='word_1_50' title='bbox 179 1050 263 1119; x_wconf 89' lang='grc' dir='ltr'><strong><em>ἀλλά</em></strong></span> <span class='ocrx_word' id='word_1_51' title='bbox 286 1077 352 1120; x_wconf 92' lang='grc' dir='ltr'><strong><em>που</em></strong></span> <span class='ocrx_word' id='word_1_52' title='bbox 377 1050 475 1120; x_wconf 86' lang='grc' dir='ltr'><strong><em>αότδν</em></strong></span> <span class='ocrx_word' id='word_1_53' title='bbox 496 1053 606 1138; x_wconf 86' lang='grc' dir='ltr'><strong><em>θυμδς</em></strong></span> <span class='ocrx_word' id='word_1_54' title='bbox 627 1050 796 1140; x_wconf 75' lang='grc' dir='ltr'><strong><em>ἐποτρύνει</em></strong></span> <span class='ocrx_word' id='word_1_55' title='bbox 817 1051 876 1119; x_wconf 85' lang='grc' dir='ltr'><strong><em>καί</em></strong></span> <span class='ocrx_word' id='word_1_56' title='bbox 898 1049 1030 1133; x_wconf 69' lang='grc' dir='ltr'><strong><em>ἀνιάσει,</em></strong></span> 
     </span>
     <span class='ocr_line' id='line_1_9' title="bbox 180 1152 1094 1244; baseline 0.002 -24"><span class='ocrx_word' id='word_1_57' title='bbox 180 1153 385 1244; x_wconf 78' lang='grc' dir='ltr'><strong><em>τειρομένους</em></strong></span> <span class='ocrx_word' id='word_1_58' title='bbox 407 1152 440 1220; x_wconf 82' lang='grc' dir='ltr'><strong><em>δ’</em></strong></span> <span class='ocrx_word' id='word_1_59' title='bbox 462 1153 521 1222; x_wconf 81' lang='grc' dir='ltr'><strong><em>ἐπὶ</em></strong></span> <span class='ocrx_word' id='word_1_60' title='bbox 543 1154 635 1244; x_wconf 82' lang='grc' dir='ltr'><strong><em>νηυσὶ</em></strong></span> <span class='ocrx_word' id='word_1_61' title='bbox 657 1156 761 1222; x_wconf 76' lang='grc' dir='ltr'><strong><em>ειδιδν</em></strong></span> <span class='ocrx_word' id='word_1_62' title='bbox 782 1153 910 1243; x_wconf 78' lang='grc' dir='ltr'><strong><em>ἐλέησεν</em></strong></span> <span class='ocrx_word' id='word_1_63' title='bbox 932 1152 1094 1237; x_wconf 82' lang='grc' dir='ltr'><strong><em>Ἀχαιούς.</em></strong></span> 
     </span>
    </p>

    <p class='ocr_par' dir='ltr' id='par_1_4' title="bbox 140 1253 1011 1450">
     <span class='ocr_line' id='line_1_10' title="bbox 140 1253 977 1346; baseline -0.006 -18"><span class='ocrx_word' id='word_1_64' title='bbox 140 1289 166 1328; x_wconf 76' lang='grc' dir='ltr'><strong><em>ιε</em></strong></span> <span class='ocrx_word' id='word_1_65' title='bbox 182 1253 284 1346; x_wconf 85' lang='grc' dir='ltr'><strong><em>αότάρ</em></strong></span> <span class='ocrx_word' id='word_1_66' title='bbox 306 1281 359 1324; x_wconf 92' lang='grc' dir='ltr'><strong><em>τοι</em></strong></span> <span class='ocrx_word' id='word_1_67' title='bbox 383 1257 439 1323; x_wconf 83' lang='grc' dir='ltr'><strong><em>καὶ</em></strong></span> <span class='ocrx_word' id='word_1_68' title='bbox 463 1254 559 1345; x_wconf 82' lang='grc' dir='ltr'><strong><em>κείνῳ</em></strong></span> <span class='ocrx_word' id='word_1_69' title='bbox 581 1256 645 1324; x_wconf 71' lang='grc' dir='ltr'><strong><em>ἐπιδ</em></strong></span> <span class='ocrx_word' id='word_1_70' title='bbox 670 1254 977 1346; x_wconf 68' lang='grc' dir='ltr'><strong><em>παραμυθησαίμην</em></strong></span> 
     </span>
     <span class='ocr_line' id='line_1_11' title="bbox 178 1352 1011 1450; baseline -0.001 -25"><span class='ocrx_word' id='word_1_71' title='bbox 178 1361 218 1450; x_wconf 74' lang='grc' dir='ltr'><strong><em>τῇ</em></strong></span> <span class='ocrx_word' id='word_1_72' title='bbox 239 1355 313 1443; x_wconf 79' lang='grc' dir='ltr'><strong><em>ίμεν</em></strong></span> <span class='ocrx_word' id='word_1_73' title='bbox 333 1352 356 1448; x_wconf 79' lang='grc' dir='ltr'><em>ᾗ</em></span> <span class='ocrx_word' id='word_1_74' title='bbox 377 1384 431 1425; x_wconf 86' lang='grc' dir='ltr'><strong><em>κεν</em></strong></span> <span class='ocrx_word' id='word_1_75' title='bbox 452 1359 493 1446; x_wconf 79' lang='grc' dir='ltr'><strong><em>δη</em></strong></span> <span class='ocrx_word' id='word_1_76' title='bbox 516 1358 554 1424; x_wconf 81' lang='grc' dir='ltr'>σύ</span> <span class='ocrx_word' id='word_1_77' title='bbox 576 1358 767 1448; x_wconf 78' lang='grc' dir='ltr'><strong><em>κελαινεφὲς</em></strong></span> <span class='ocrx_word' id='word_1_78' title='bbox 788 1355 1011 1449; x_wconf 76' lang='grc' dir='ltr'><strong><em>ἡτεμσνεόης.”</em></strong></span> 
     </span>
    </p>

    <p class='ocr_par' dir='ltr' id='par_1_5' title="bbox 223 1453 1144 1550">
     <span class='ocr_line' id='line_1_12' title="bbox 223 1453 1144 1550; baseline 0.001 -24"><span class='ocrx_word' id='word_1_79' title='bbox 223 1453 267 1540; x_wconf 80' lang='grc' dir='ltr'><strong><em>ὥς</em></strong></span> <span class='ocrx_word' id='word_1_80' title='bbox 288 1459 391 1550; x_wconf 91' lang='grc' dir='ltr'><strong><em>φάτο,</em></strong></span> <span class='ocrx_word' id='word_1_81' title='bbox 414 1458 567 1550; x_wconf 79' lang='grc' dir='ltr'><strong><em>μείδησεν</em></strong></span> <span class='ocrx_word' id='word_1_82' title='bbox 589 1459 627 1526; x_wconf 79' lang='grc' dir='ltr'><strong><em>δὲ</em></strong></span> <span class='ocrx_word' id='word_1_83' title='bbox 649 1461 758 1549; x_wconf 76' lang='grc' dir='ltr'><strong><em>πατήρ</em></strong></span> <span class='ocrx_word' id='word_1_84' title='bbox 782 1457 907 1548; x_wconf 83' lang='grc' dir='ltr'><strong><em>ἀνδρῶν</em></strong></span> <span class='ocrx_word' id='word_1_85' title='bbox 927 1484 964 1526; x_wconf 91' lang='grc' dir='ltr'><strong><em>τε</em></strong></span> <span class='ocrx_word' id='word_1_86' title='bbox 985 1461 1075 1526; x_wconf 83' lang='grc' dir='ltr'><strong><em>θεῶν</em></strong></span> <span class='ocrx_word' id='word_1_87' title='bbox 1094 1485 1144 1542; x_wconf 91' lang='grc' dir='ltr'><strong><em>τε,</em></strong></span> 
     </span>
    </p>

    <p class='ocr_par' dir='ltr' id='par_1_6' title="bbox 176 1559 1081 1755">
     <span class='ocr_line' id='line_1_13' title="bbox 179 1559 1081 1652; baseline -0.001 -23"><span class='ocrx_word' id='word_1_88' title='bbox 179 1561 237 1629; x_wconf 88' lang='grc' dir='ltr'><strong><em>καί</em></strong></span> <span class='ocrx_word' id='word_1_89' title='bbox 257 1589 315 1648; x_wconf 89' lang='grc' dir='ltr'><strong><em>μιν</em></strong></span> <span class='ocrx_word' id='word_1_90' title='bbox 336 1559 555 1649; x_wconf 74' lang='grc' dir='ltr'><strong><em>ἀμειβόμενος</em></strong></span> <span class='ocrx_word' id='word_1_91' title='bbox 574 1560 678 1630; x_wconf 75' lang='grc' dir='ltr'><strong><em>εέπεα</em></strong></span> <span class='ocrx_word' id='word_1_92' title='bbox 700 1562 879 1652; x_wconf 81' lang='grc' dir='ltr'><strong><em>πτερόεντα</em></strong></span> <span class='ocrx_word' id='word_1_93' title='bbox 900 1562 1081 1652; x_wconf 85' lang='grc' dir='ltr'><strong><em>προσηύδα.</em></strong></span> 
     </span>
     <span class='ocr_line' id='line_1_14' title="bbox 176 1660 1053 1755; baseline -0.002 -23"><span class='ocrx_word' id='word_1_94' title='bbox 176 1661 232 1732; x_wconf 68' lang='lat' dir='ltr'><strong><em>“el</em></strong></span> <span class='ocrx_word' id='word_1_95' title='bbox 253 1665 312 1749; x_wconf 76' lang='grc' dir='ltr'><strong><em>μὲν</em></strong></span> <span class='ocrx_word' id='word_1_96' title='bbox 334 1666 374 1755; x_wconf 77' lang='grc' dir='ltr'><em>δὴ</em></span> <span class='ocrx_word' id='word_1_97' title='bbox 397 1664 436 1732; x_wconf 87' lang='grc' dir='ltr'><strong><em>σά</em></strong></span> <span class='ocrx_word' id='word_1_98' title='bbox 457 1662 491 1730; x_wconf 74' lang='grc' dir='ltr'><strong><em>ε’</em></strong></span> <span class='ocrx_word' id='word_1_99' title='bbox 513 1661 644 1747; x_wconf 69' lang='grc' dir='ltr'><strong><em>ἔπειτα,</em></strong></span> <span class='ocrx_word' id='word_1_100' title='bbox 667 1667 798 1750; x_wconf 79' lang='grc' dir='ltr'><strong><em>βοῶπις</em></strong></span> <span class='ocrx_word' id='word_1_101' title='bbox 819 1663 941 1730; x_wconf 88' lang='grc' dir='ltr'><strong><em>πότνια</em></strong></span> <span class='ocrx_word' id='word_1_102' title='bbox 954 1660 1053 1753; x_wconf 85' lang='grc' dir='ltr'><strong><em>Ἥρη,</em></strong></span> 
     </span>
    </p>

    <p class='ocr_par' dir='ltr' id='par_1_7' title="bbox 141 1762 1114 2262">
     <span class='ocr_line' id='line_1_15' title="bbox 141 1762 1087 1856; baseline -0.005 -19"><span class='ocrx_word' id='word_1_103' title='bbox 141 1771 273 1837; x_wconf 76' lang='grc' dir='ltr'><strong><em>εοεῖσον</em></strong></span> <span class='ocrx_word' id='word_1_104' title='bbox 294 1765 367 1851; x_wconf 76' lang='grc' dir='ltr'><strong><em>ἐμοὶ</em></strong></span> <span class='ocrx_word' id='word_1_105' title='bbox 388 1767 572 1856; x_wconf 72' lang='grc' dir='ltr'><strong><em>φρονέουσα</em></strong></span> <span class='ocrx_word' id='word_1_106' title='bbox 593 1764 667 1850; x_wconf 80' lang='grc' dir='ltr'><strong><em>μετ’</em></strong></span> <span class='ocrx_word' id='word_1_107' title='bbox 690 1763 895 1833; x_wconf 73' lang='grc' dir='ltr'><strong><em>ἀθανάτοισι</em></strong></span> <span class='ocrx_word' id='word_1_108' title='bbox 916 1762 1087 1847; x_wconf 76' lang='grc' dir='ltr'><strong><em>καθίζοις,</em></strong></span> 
     </span>
     <span class='ocr_line' id='line_1_16' title="bbox 181 1863 1114 1957; baseline -0.001 -23"><span class='ocrx_word' id='word_1_109' title='bbox 181 1870 228 1957; x_wconf 80' lang='grc' dir='ltr'><strong><em>τῷ</em></strong></span> <span class='ocrx_word' id='word_1_110' title='bbox 250 1893 286 1934; x_wconf 88' lang='grc' dir='ltr'><strong><em>κε</em></strong></span> <span class='ocrx_word' id='word_1_111' title='bbox 307 1867 505 1935; x_wconf 83' lang='grc' dir='ltr'><strong><em>Ποσειδάων</em></strong></span> <span class='ocrx_word' id='word_1_112' title='bbox 526 1893 575 1949; x_wconf 77' lang='grc' dir='ltr'><strong><em>τε,</em></strong></span> <span class='ocrx_word' id='word_1_113' title='bbox 599 1870 656 1933; x_wconf 85' lang='grc' dir='ltr'><strong><em>καί</em></strong></span> <span class='ocrx_word' id='word_1_114' title='bbox 679 1865 709 1934; x_wconf 83' lang='grc' dir='ltr'><strong><em>εὶ</em></strong></span> <span class='ocrx_word' id='word_1_115' title='bbox 729 1867 819 1953; x_wconf 92' lang='grc' dir='ltr'><strong><em>μάλα</em></strong></span> <span class='ocrx_word' id='word_1_116' title='bbox 841 1865 995 1949; x_wconf 78' lang='grc' dir='ltr'><strong><em>βούλεται</em></strong></span> <span class='ocrx_word' id='word_1_117' title='bbox 1019 1863 1114 1957; x_wconf 81' lang='grc' dir='ltr'><strong><em>άλλη,</em></strong></span> 
     </span>
     <span class='ocr_line' id='line_1_17' title="bbox 182 1961 1082 2058; baseline -0.001 -23"><span class='ocrx_word' id='word_1_118' title='bbox 182 1961 273 2058; x_wconf 81' lang='grc' dir='ltr'><strong><em>αἶψα</em></strong></span> <span class='ocrx_word' id='word_1_119' title='bbox 294 1967 536 2055; x_wconf 80' lang='grc' dir='ltr'><strong><em>μεταστρέψειε</em></strong></span> <span class='ocrx_word' id='word_1_120' title='bbox 556 1967 629 2035; x_wconf 92' lang='grc' dir='ltr'><strong><em>νόον</em></strong></span> <span class='ocrx_word' id='word_1_121' title='bbox 650 1969 733 2052; x_wconf 84' lang='grc' dir='ltr'><strong><em>μετά</em></strong></span> <span class='ocrx_word' id='word_1_122' title='bbox 756 1969 814 2036; x_wconf 88' lang='grc' dir='ltr'><strong><em>σδν</em></strong></span> <span class='ocrx_word' id='word_1_123' title='bbox 834 1969 892 2034; x_wconf 83' lang='grc' dir='ltr'><strong><em>καί</em></strong></span> <span class='ocrx_word' id='word_1_124' title='bbox 914 1966 993 2051; x_wconf 79' lang='grc' dir='ltr'><strong><em>έμδν</em></strong></span> <span class='ocrx_word' id='word_1_125' title='bbox 1014 1969 1082 2057; x_wconf 82' lang='grc' dir='ltr'><strong><em>κῆρ.</em></strong></span> 
     </span>
     <span class='ocr_line' id='line_1_18' title="bbox 182 2065 1048 2160; baseline -0.001 -23"><span class='ocrx_word' id='word_1_126' title='bbox 182 2067 251 2137; x_wconf 71' lang='grc' dir='ltr'><strong><em>ἀλλ’</em></strong></span> <span class='ocrx_word' id='word_1_127' title='bbox 273 2067 303 2136; x_wconf 86' lang='grc' dir='ltr'><strong><em>εί</em></strong></span> <span class='ocrx_word' id='word_1_128' title='bbox 326 2070 366 2158; x_wconf 80' lang='grc' dir='ltr'><strong><em>δή</em></strong></span> <span class='ocrx_word' id='word_1_129' title='bbox 389 2066 420 2156; x_wconf 79' lang='grc' dir='ltr'><strong><em>ρ’</em></strong></span> <span class='ocrx_word' id='word_1_130' title='bbox 442 2068 531 2136; x_wconf 79' lang='grc' dir='ltr'><strong><em>ἐτεόν</em></strong></span> <span class='ocrx_word' id='word_1_131' title='bbox 551 2095 588 2136; x_wconf 83' lang='grc' dir='ltr'><strong><em>τε</em></strong></span> <span class='ocrx_word' id='word_1_132' title='bbox 609 2069 666 2137; x_wconf 81' lang='grc' dir='ltr'><strong><em>καί</em></strong></span> <span class='ocrx_word' id='word_1_133' title='bbox 689 2067 848 2160; x_wconf 84' lang='grc' dir='ltr'><strong><em>ἀτρεκέως</em></strong></span> <span class='ocrx_word' id='word_1_134' title='bbox 869 2065 1048 2160; x_wconf 76' lang='grc' dir='ltr'><strong><em>ἀταρεόεις,</em></strong></span> 
     </span>
     <span class='ocr_line' id='line_1_19' title="bbox 182 2170 1064 2262; baseline -0.001 -23"><span class='ocrx_word' id='word_1_135' title='bbox 182 2170 274 2261; x_wconf 79' lang='grc' dir='ltr'><strong><em>ἔρχεο</em></strong></span> <span class='ocrx_word' id='word_1_136' title='bbox 295 2171 350 2237; x_wconf 83' lang='grc' dir='ltr'><strong><em>νῦν</em></strong></span> <span class='ocrx_word' id='word_1_137' title='bbox 370 2173 454 2255; x_wconf 80' lang='grc' dir='ltr'><strong><em>μετὰ</em></strong></span> <span class='ocrx_word' id='word_1_138' title='bbox 476 2173 564 2261; x_wconf 81' lang='grc' dir='ltr'><strong><em>φῦλα</em></strong></span> <span class='ocrx_word' id='word_1_139' title='bbox 585 2175 685 2254; x_wconf 82' lang='grc' dir='ltr'><strong><em>θεῶν,</em></strong></span> <span class='ocrx_word' id='word_1_140' title='bbox 709 2174 766 2240; x_wconf 84' lang='grc' dir='ltr'><strong><em>καὶ</em></strong></span> <span class='ocrx_word' id='word_1_141' title='bbox 789 2174 883 2262; x_wconf 82' lang='grc' dir='ltr'><strong><em>δεῦρο</em></strong></span> <span class='ocrx_word' id='word_1_142' title='bbox 906 2171 1064 2240; x_wconf 91' lang='grc' dir='ltr'><strong><em>κάλεσσον</em></strong></span> 
     </span>
    </p>

    <p class='ocr_par' dir='ltr' id='par_1_8' title="bbox 142 2269 1066 2361">
     <span class='ocr_line' id='line_1_20' title="bbox 142 2269 1066 2361; baseline 0 -22"><span class='ocrx_word' id='word_1_143' title='bbox 142 2306 168 2348; x_wconf 68' lang='lat'><strong><em>55</em></strong></span> <span class='ocrx_word' id='word_1_144' title='bbox 183 2272 277 2361; x_wconf 74' lang='grc' dir='ltr'><strong><em>ι’·’ῖρίν</em></strong></span> <span class='ocrx_word' id='word_1_145' title='bbox 298 2269 327 2338; x_wconf 81' lang='grc' dir='ltr'><strong><em>τ’</em></strong></span> <span class='ocrx_word' id='word_1_146' title='bbox 351 2271 528 2358; x_wconf 74' lang='grc' dir='ltr'><strong><em>ἐλθέμεναι</em></strong></span> <span class='ocrx_word' id='word_1_147' title='bbox 550 2274 608 2341; x_wconf 83' lang='grc' dir='ltr'><strong><em>καί</em></strong></span> <span class='ocrx_word' id='word_1_148' title='bbox 630 2271 823 2341; x_wconf 86' lang='grc' dir='ltr'><strong><em>Ἀπόλλωνα</em></strong></span> <span class='ocrx_word' id='word_1_149' title='bbox 845 2269 1066 2354; x_wconf 78' lang='grc' dir='ltr'><strong><em>κλυτότοξον.”</em></strong></span> 
     </span>
    </p>

    <p class='ocr_par' dir='ltr' id='par_1_9' title="bbox 145 2365 1088 2466">
     <span class='ocr_line' id='line_1_21' title="bbox 145 2365 1088 2466; baseline -0.004 -22"><span class='ocrx_word' id='word_1_150' title='bbox 145 2404 170 2444; x_wconf 85' lang='grc' dir='ltr'><strong><em>ιε</em></strong></span> <span class='ocrx_word' id='word_1_151' title='bbox 227 2365 271 2452; x_wconf 81' lang='grc' dir='ltr'><strong><em>ὦς</em></strong></span> <span class='ocrx_word' id='word_1_152' title='bbox 292 2369 398 2462; x_wconf 73' lang='grc' dir='ltr'><strong><em>ἔφατ’,</em></strong></span> <span class='ocrx_word' id='word_1_153' title='bbox 424 2369 494 2440; x_wconf 72' lang='grc' dir='ltr'><strong><em>οὔδ’</em></strong></span> <span class='ocrx_word' id='word_1_154' title='bbox 518 2369 671 2463; x_wconf 88' lang='grc' dir='ltr'><strong><em>ἀπίθησε</em></strong></span> <span class='ocrx_word' id='word_1_155' title='bbox 692 2375 759 2442; x_wconf 82' lang='grc' dir='ltr'><strong><em>θεά</em></strong></span> <span class='ocrx_word' id='word_1_156' title='bbox 780 2374 975 2454; x_wconf 77' lang='grc' dir='ltr'><strong><em>λευκώλενος</em></strong></span> <span class='ocrx_word' id='word_1_157' title='bbox 988 2372 1088 2466; x_wconf 89' lang='grc' dir='ltr'><strong><em>Ἥρη,</em></strong></span> 
     </span>
    </p>
   </div>
   <div class='ocr_carea' id='block_1_3' title="bbox 329 2557 466 2565">
    <p class='ocr_par' dir='ltr' id='par_1_10' title="bbox 329 2557 466 2565">
     <span class='ocr_line' id='line_1_22' title="bbox 329 2557 466 2565; baseline -0.022 0"><span class='ocrx_word' id='word_1_158' title='bbox 329 2557 409 2565; x_wconf 62' lang='grc'><em>.-...-.-.</em></span> <span class='ocrx_word' id='word_1_159' title='bbox 418 2558 466 2564; x_wconf 73' lang='grc'><strong><em>..-,</em></strong></span> 
     </span>
    </p>
   </div>
   <div class='ocr_carea' id='block_1_4' title="bbox 233 2635 1126 4498">
    <p class='ocr_par' dir='ltr' id='par_1_11' title="bbox 233 2635 1092 2970">
     <span class='ocr_line' id='line_1_23' title="bbox 233 2635 999 2712; baseline 0.005 -22"><span class='ocrx_word' id='word_1_160' title='bbox 233 2640 266 2690; x_wconf 82' lang='lat'><strong><em>56</em></strong></span> <span class='ocrx_word' id='word_1_161' title='bbox 284 2637 351 2711; x_wconf 81' lang='grc' dir='ltr'><strong><em>ὄφρ’</em></strong></span> <span class='ocrx_word' id='word_1_162' title='bbox 372 2635 388 2707; x_wconf 73' lang='grc' dir='ltr'>ἢ</span> <span class='ocrx_word' id='word_1_163' title='bbox 405 2640 457 2710; x_wconf 81' lang='grc' dir='ltr'><strong><em>μὲν</em></strong></span> <span class='ocrx_word' id='word_1_164' title='bbox 475 2638 545 2712; x_wconf 87' lang='grc' dir='ltr'><strong><em>μετά</em></strong></span> <span class='ocrx_word' id='word_1_165' title='bbox 565 2641 633 2692; x_wconf 87' lang='grc' dir='ltr'><strong><em>λαὸν</em></strong></span> <span class='ocrx_word' id='word_1_166' title='bbox 653 2639 769 2710; x_wconf 82' lang='grc' dir='ltr'><strong><em>Ἀχιιιων</em></strong></span> <span class='ocrx_word' id='word_1_167' title='bbox 782 2638 999 2710; x_wconf 81' lang='grc' dir='ltr'><strong><em>χαλκοχιτώνων</em></strong></span> 
     </span>
     <span class='ocr_line' id='line_1_24' title="bbox 283 2722 896 2798; baseline -0.002 -20"><span class='ocrx_word' id='word_1_168' title='bbox 283 2725 366 2798; x_wconf 80' lang='grc' dir='ltr'><strong><em>ἔλθη,</em></strong></span> <span class='ocrx_word' id='word_1_169' title='bbox 383 2729 431 2777; x_wconf 79' lang='grc' dir='ltr'><strong><em>καὶ</em></strong></span> <span class='ocrx_word' id='word_1_170' title='bbox 450 2730 565 2798; x_wconf 69' lang='grc' dir='ltr'><strong><em>νείττησι</em></strong></span> <span class='ocrx_word' id='word_1_171' title='bbox 583 2722 759 2781; x_wconf 81' lang='grc' dir='ltr'><strong><em>Ποσειδάωνι</em></strong></span> <span class='ocrx_word' id='word_1_172' title='bbox 778 2723 896 2780; x_wconf 74' lang='grc' dir='ltr'><strong><em>εάνακτι</em></strong></span> 
     </span>
     <span class='ocr_line' id='line_1_25' title="bbox 283 2805 1092 2884; baseline -0.002 -22"><span class='ocrx_word' id='word_1_173' title='bbox 283 2807 467 2882; x_wconf 87' lang='grc' dir='ltr'><strong><em>παυσάμενον</em></strong></span> <span class='ocrx_word' id='word_1_174' title='bbox 484 2812 621 2881; x_wconf 85' lang='grc' dir='ltr'><strong><em>πολέμοιο</em></strong></span> <span class='ocrx_word' id='word_1_175' title='bbox 639 2807 672 2864; x_wconf 82' lang='grc' dir='ltr'><strong><em>τά</em></strong></span> <span class='ocrx_word' id='word_1_176' title='bbox 689 2811 725 2865; x_wconf 71' lang='grc' dir='ltr'><strong><em>εδι</em></strong></span> <span class='ocrx_word' id='word_1_177' title='bbox 744 2811 816 2884; x_wconf 84' lang='grc' dir='ltr'><strong><em>πρὸς</em></strong></span> <span class='ocrx_word' id='word_1_178' title='bbox 834 2805 947 2882; x_wconf 82' lang='grc' dir='ltr'><strong><em>δώμαθ’</em></strong></span> <span class='ocrx_word' id='word_1_179' title='bbox 967 2812 1092 2871; x_wconf 80' lang='grc' dir='ltr'><strong><em>ἱκέσθαι,</em></strong></span> 
     </span>
     <span class='ocr_line' id='line_1_26' title="bbox 279 2891 1047 2970; baseline -0.004 -20"><span class='ocrx_word' id='word_1_180' title='bbox 279 2892 395 2970; x_wconf 81' lang='grc' dir='ltr'><strong><em>Ἕκτορα</em></strong></span> <span class='ocrx_word' id='word_1_181' title='bbox 413 2895 440 2950; x_wconf 82' lang='grc' dir='ltr'><strong><em>δ’</em></strong></span> <span class='ocrx_word' id='word_1_182' title='bbox 461 2892 589 2970; x_wconf 84' lang='grc' dir='ltr'><strong><em>ότράνησι</em></strong></span> <span class='ocrx_word' id='word_1_183' title='bbox 608 2893 702 2968; x_wconf 83' lang='grc' dir='ltr'><strong><em>μάχην</em></strong></span> <span class='ocrx_word' id='word_1_184' title='bbox 720 2895 748 2954; x_wconf 81' lang='grc' dir='ltr'><strong><em>ές</em></strong></span> <span class='ocrx_word' id='word_1_185' title='bbox 767 2901 872 2962; x_wconf 73' lang='grc' dir='ltr'><strong><em>Φοῖβος</em></strong></span> <span class='ocrx_word' id='word_1_186' title='bbox 894 2891 1047 2956; x_wconf 82' lang='grc' dir='ltr'><strong><em>Ἀπόλλων,</em></strong></span> 
     </span>
    </p>

    <p class='ocr_par' dir='ltr' id='par_1_12' title="bbox 235 2974 1061 3391">
     <span class='ocr_line' id='line_1_27' title="bbox 235 2974 1035 3054; baseline -0.005 -19"><span class='ocrx_word' id='word_1_187' title='bbox 235 2987 268 3036; x_wconf 85' lang='grc'><strong><em>60</em></strong></span> <span class='ocrx_word' id='word_1_188' title='bbox 286 2978 363 3042; x_wconf 84' lang='grc' dir='ltr'><strong><em>αὖτις</em></strong></span> <span class='ocrx_word' id='word_1_189' title='bbox 380 2979 408 3035; x_wconf 82' lang='grc' dir='ltr'><strong><em>δ’</em></strong></span> <span class='ocrx_word' id='word_1_190' title='bbox 428 2979 602 3054; x_wconf 72' lang='grc' dir='ltr'><strong><em>ἐμπνεύσῃσι</em></strong></span> <span class='ocrx_word' id='word_1_191' title='bbox 618 2982 716 3051; x_wconf 82' lang='grc' dir='ltr'><strong><em>μένος,</em></strong></span> <span class='ocrx_word' id='word_1_192' title='bbox 734 2976 839 3050; x_wconf 86' lang='grc' dir='ltr'><strong><em>λελάθη</em></strong></span> <span class='ocrx_word' id='word_1_193' title='bbox 859 2975 886 3030; x_wconf 88' lang='grc' dir='ltr'><strong><em>δ’</em></strong></span> <span class='ocrx_word' id='word_1_194' title='bbox 908 2974 1035 3031; x_wconf 86' lang='grc' dir='ltr'><strong><em>ὀδυνάων</em></strong></span> 
     </span>
     <span class='ocr_line' id='line_1_28' title="bbox 284 3059 1061 3139; baseline -0.009 -19"><span class='ocrx_word' id='word_1_195' title='bbox 284 3071 314 3120; x_wconf 79' lang='grc' dir='ltr'><strong><em>αἳ</em></strong></span> <span class='ocrx_word' id='word_1_196' title='bbox 330 3072 381 3123; x_wconf 85' lang='grc' dir='ltr'><strong><em>νῦν</em></strong></span> <span class='ocrx_word' id='word_1_197' title='bbox 397 3085 448 3139; x_wconf 87' lang='grc' dir='ltr'><strong><em>μιν</em></strong></span> <span class='ocrx_word' id='word_1_198' title='bbox 465 3071 588 3139; x_wconf 80' lang='grc' dir='ltr'><strong><em>τείρουσι</em></strong></span> <span class='ocrx_word' id='word_1_199' title='bbox 605 3065 674 3118; x_wconf 82' lang='grc' dir='ltr'><strong><em>κατὰ</em></strong></span> <span class='ocrx_word' id='word_1_200' title='bbox 693 3067 809 3136; x_wconf 82' lang='grc' dir='ltr'><strong><em>φρένας,</em></strong></span> <span class='ocrx_word' id='word_1_201' title='bbox 827 3061 914 3127; x_wconf 80' lang='grc' dir='ltr'><strong><em>αὐτὰρ</em></strong></span> <span class='ocrx_word' id='word_1_202' title='bbox 934 3059 1061 3132; x_wconf 77' lang='grc' dir='ltr'><strong><em>Ἀχαιούς</em></strong></span> 
     </span>
     <span class='ocr_line' id='line_1_29' title="bbox 284 3144 1002 3224; baseline -0.01 -18"><span class='ocrx_word' id='word_1_203' title='bbox 284 3149 361 3211; x_wconf 84' lang='grc' dir='ltr'><strong><em>αὖτις</em></strong></span> <span class='ocrx_word' id='word_1_204' title='bbox 378 3148 596 3224; x_wconf 80' lang='grc' dir='ltr'><strong><em>ἀποστρέιμησιν</em></strong></span> <span class='ocrx_word' id='word_1_205' title='bbox 613 3148 749 3205; x_wconf 76' lang='grc' dir='ltr'><strong><em>ἀνάλκιδα</em></strong></span> <span class='ocrx_word' id='word_1_206' title='bbox 766 3145 856 3220; x_wconf 81' lang='grc' dir='ltr'><strong><em>φύζαν</em></strong></span> <span class='ocrx_word' id='word_1_207' title='bbox 874 3144 1002 3216; x_wconf 83' lang='grc' dir='ltr'><strong><em>ένόρσας,</em></strong></span> 
     </span>
     <span class='ocr_line' id='line_1_30' title="bbox 284 3231 958 3311; baseline -0.01 -18"><span class='ocrx_word' id='word_1_208' title='bbox 284 3235 435 3311; x_wconf 73' lang='grc' dir='ltr'><strong><em>φεότοντες</em></strong></span> <span class='ocrx_word' id='word_1_209' title='bbox 452 3234 480 3289; x_wconf 83' lang='grc' dir='ltr'><strong><em>δ’</em></strong></span> <span class='ocrx_word' id='word_1_210' title='bbox 501 3237 531 3290; x_wconf 78' lang='grc' dir='ltr'><strong><em>ἔν</em></strong></span> <span class='ocrx_word' id='word_1_211' title='bbox 550 3239 630 3301; x_wconf 86' lang='grc' dir='ltr'><strong><em>νηυσὶ</em></strong></span> <span class='ocrx_word' id='word_1_212' title='bbox 648 3231 811 3301; x_wconf 78' lang='grc' dir='ltr'><strong><em>πολυκλήισι</em></strong></span> <span class='ocrx_word' id='word_1_213' title='bbox 831 3234 958 3286; x_wconf 77' lang='grc' dir='ltr'><strong><em>πέσωσιν</em></strong></span> 
     </span>
     <span class='ocr_line' id='line_1_31' title="bbox 284 3315 1030 3391; baseline -0.007 -14"><span class='ocrx_word' id='word_1_214' title='bbox 284 3322 427 3389; x_wconf 65' lang='grc' dir='ltr'><strong><em>Πηλεΐδεω</em></strong></span> <span class='ocrx_word' id='word_1_215' title='bbox 446 3317 577 3390; x_wconf 80' lang='grc' dir='ltr'><strong><em>Ἀχιλῆος.</em></strong></span> <span class='ocrx_word' id='word_1_216' title='bbox 614 3316 630 3372; x_wconf 79' lang='grc' dir='ltr'>ὃ</span> <span class='ocrx_word' id='word_1_217' title='bbox 649 3317 677 3372; x_wconf 85' lang='grc' dir='ltr'><strong><em>δ’</em></strong></span> <span class='ocrx_word' id='word_1_218' title='bbox 699 3316 832 3386; x_wconf 76' lang='grc' dir='ltr'><strong><em>ἀνστήσει</em></strong></span> <span class='ocrx_word' id='word_1_219' title='bbox 850 3315 902 3371; x_wconf 64' lang='grc' dir='ltr'><strong><em>τὸν</em></strong></span> <span class='ocrx_word' id='word_1_220' title='bbox 919 3318 1030 3391; x_wconf 81' lang='grc' dir='ltr'><strong><em>ἑταῖρον</em></strong></span> 
     </span>
    </p>

    <p class='ocr_par' dir='ltr' id='par_1_13' title="bbox 234 3399 1072 3819">
     <span class='ocr_line' id='line_1_32' title="bbox 234 3399 1069 3478; baseline -0.008 -15"><span class='ocrx_word' id='word_1_221' title='bbox 234 3412 266 3463; x_wconf 84' lang='grc'><strong><em>65</em></strong></span> <span class='ocrx_word' id='word_1_222' title='bbox 286 3404 460 3478; x_wconf 72' lang='grc' dir='ltr'><strong><em>Πάτροκλοι’“</em></strong></span> <span class='ocrx_word' id='word_1_223' title='bbox 497 3404 547 3458; x_wconf 87' lang='grc' dir='ltr'><strong><em>τόν</em></strong></span> <span class='ocrx_word' id='word_1_224' title='bbox 564 3404 594 3458; x_wconf 79' lang='grc' dir='ltr'><strong><em>δὲ</em></strong></span> <span class='ocrx_word' id='word_1_225' title='bbox 614 3409 705 3458; x_wconf 83' lang='grc' dir='ltr'><strong><em>κτενεῖ</em></strong></span> <span class='ocrx_word' id='word_1_226' title='bbox 721 3405 796 3473; x_wconf 71' lang='grc' dir='ltr'><strong><em>ένχεῖ</em></strong></span> <span class='ocrx_word' id='word_1_227' title='bbox 813 3403 952 3476; x_wconf 81' lang='grc' dir='ltr'><strong><em>φαίδιμος</em></strong></span> <span class='ocrx_word' id='word_1_228' title='bbox 963 3399 1069 3474; x_wconf 81' lang='grc' dir='ltr'><strong><em>Ἕκτωρ</em></strong></span> 
     </span>
     <span class='ocr_line' id='line_1_33' title="bbox 286 3485 987 3564; baseline -0.007 -17"><span class='ocrx_word' id='word_1_229' title='bbox 286 3497 378 3547; x_wconf 69' lang='grc' dir='ltr'><strong><em>δἰλίου</em></strong></span> <span class='ocrx_word' id='word_1_230' title='bbox 396 3486 589 3564; x_wconf 79' lang='grc' dir='ltr'><strong><em>προπάροιθε,</em></strong></span> <span class='ocrx_word' id='word_1_231' title='bbox 609 3493 713 3548; x_wconf 85' lang='grc' dir='ltr'><strong><em>πολέας</em></strong></span> <span class='ocrx_word' id='word_1_232' title='bbox 730 3485 851 3544; x_wconf 79' lang='grc' dir='ltr'><strong><em>ὀλέσαντ’</em></strong></span> <span class='ocrx_word' id='word_1_233' title='bbox 875 3488 987 3555; x_wconf 74' lang='grc' dir='ltr'><strong><em>αἰζηοός</em></strong></span> 
     </span>
     <span class='ocr_line' id='line_1_34' title="bbox 283 3570 1056 3649; baseline -0.005 -17"><span class='ocrx_word' id='word_1_234' title='bbox 283 3577 348 3637; x_wconf 83' lang='grc' dir='ltr'><strong><em>τοὺς</em></strong></span> <span class='ocrx_word' id='word_1_235' title='bbox 364 3570 473 3640; x_wconf 79' lang='grc' dir='ltr'><strong><em>ἀλλους,</em></strong></span> <span class='ocrx_word' id='word_1_236' title='bbox 491 3575 562 3649; x_wconf 82' lang='grc' dir='ltr'><strong><em>μετὰ</em></strong></span> <span class='ocrx_word' id='word_1_237' title='bbox 581 3574 609 3627; x_wconf 88' lang='grc' dir='ltr'><strong><em>δ’</em></strong></span> <span class='ocrx_word' id='word_1_238' title='bbox 628 3575 689 3631; x_wconf 81' lang='grc' dir='ltr'><strong><em>υἱὸν</em></strong></span> <span class='ocrx_word' id='word_1_239' title='bbox 707 3575 777 3647; x_wconf 79' lang='grc' dir='ltr'><strong><em>ἐμὸν</em></strong></span> <span class='ocrx_word' id='word_1_240' title='bbox 793 3573 967 3648; x_wconf 85' lang='grc' dir='ltr'><strong><em>Σαρπηδόνα</em></strong></span> <span class='ocrx_word' id='word_1_241' title='bbox 985 3574 1056 3629; x_wconf 82' lang='grc' dir='ltr'><strong><em>δῖον.</em></strong></span> 
     </span>
     <span class='ocr_line' id='line_1_35' title="bbox 284 3656 1072 3732; baseline -0.006 -15"><span class='ocrx_word' id='word_1_242' title='bbox 284 3667 332 3718; x_wconf 83' lang='grc' dir='ltr'><strong><em>τοῦ</em></strong></span> <span class='ocrx_word' id='word_1_243' title='bbox 350 3663 382 3717; x_wconf 81' lang='grc' dir='ltr'><strong><em>δὲ</em></strong></span> <span class='ocrx_word' id='word_1_244' title='bbox 395 3658 595 3732; x_wconf 84' lang='grc' dir='ltr'><strong><em>χολωσάμενος</em></strong></span> <span class='ocrx_word' id='word_1_245' title='bbox 612 3667 703 3715; x_wconf 83' lang='grc' dir='ltr'><strong><em>κτενεῖ</em></strong></span> <span class='ocrx_word' id='word_1_246' title='bbox 713 3656 831 3732; x_wconf 82' lang='grc' dir='ltr'><strong><em>Ἕκτορα</em></strong></span> <span class='ocrx_word' id='word_1_247' title='bbox 848 3661 910 3720; x_wconf 82' lang='grc' dir='ltr'><strong><em>δῖος</em></strong></span> <span class='ocrx_word' id='word_1_248' title='bbox 930 3659 1072 3732; x_wconf 82' lang='grc' dir='ltr'><strong><em>Ἀχιλλεύς.</em></strong></span> 
     </span>
     <span class='ocr_line' id='line_1_36' title="bbox 284 3741 1001 3819; baseline -0.003 -16"><span class='ocrx_word' id='word_1_249' title='bbox 284 3750 313 3803; x_wconf 76' lang='grc' dir='ltr'><strong><em>ἔκ</em></strong></span> <span class='ocrx_word' id='word_1_250' title='bbox 330 3751 380 3802; x_wconf 82' lang='grc' dir='ltr'><strong><em>τοῦ</em></strong></span> <span class='ocrx_word' id='word_1_251' title='bbox 398 3742 427 3800; x_wconf 77' lang='grc' dir='ltr'><strong><em>δ’</em></strong></span> <span class='ocrx_word' id='word_1_252' title='bbox 448 3741 484 3800; x_wconf 86' lang='grc' dir='ltr'><strong><em>άν</em></strong></span> <span class='ocrx_word' id='word_1_253' title='bbox 501 3764 545 3799; x_wconf 90' lang='grc' dir='ltr'><strong><em>τοι</em></strong></span> <span class='ocrx_word' id='word_1_254' title='bbox 564 3746 660 3799; x_wconf 77' lang='grc' dir='ltr'><strong><em>ἔπειτα</em></strong></span> <span class='ocrx_word' id='word_1_255' title='bbox 679 3748 814 3809; x_wconf 81' lang='grc' dir='ltr'><strong><em>παλίωξιν</em></strong></span> <span class='ocrx_word' id='word_1_256' title='bbox 832 3747 908 3819; x_wconf 82' lang='grc' dir='ltr'><strong><em>παρὰ</em></strong></span> <span class='ocrx_word' id='word_1_257' title='bbox 927 3748 1001 3814; x_wconf 84' lang='grc' dir='ltr'><strong><em>νηῶν</em></strong></span> 
     </span>
    </p>

    <p class='ocr_par' dir='ltr' id='par_1_14' title="bbox 237 3826 1126 4249">
     <span class='ocr_line' id='line_1_37' title="bbox 237 3826 1014 3904; baseline -0.001 -19"><span class='ocrx_word' id='word_1_258' title='bbox 237 3837 268 3887; x_wconf 83' lang='grc'><strong><em>’10</em></strong></span> <span class='ocrx_word' id='word_1_259' title='bbox 286 3834 346 3888; x_wconf 71' lang='grc' dir='ltr'><strong><em>αἰέν</em></strong></span> <span class='ocrx_word' id='word_1_260' title='bbox 363 3831 418 3887; x_wconf 58' lang='lat' dir='ltr'><strong><em>lfa)</em></strong></span> <span class='ocrx_word' id='word_1_261' title='bbox 437 3828 563 3904; x_wconf 87' lang='grc' dir='ltr'><strong><em>τεόχοιμι</em></strong></span> <span class='ocrx_word' id='word_1_262' title='bbox 580 3831 747 3904; x_wconf 87' lang='grc' dir='ltr'><strong><em>διαμπερές,</em></strong></span> <span class='ocrx_word' id='word_1_263' title='bbox 767 3835 806 3891; x_wconf 73' lang='grc' dir='ltr'><strong><em>εἰς</em></strong></span> <span class='ocrx_word' id='word_1_264' title='bbox 824 3826 840 3885; x_wconf 84' lang='grc' dir='ltr'>ὅ</span> <span class='ocrx_word' id='word_1_265' title='bbox 858 3829 883 3884; x_wconf 81' lang='grc' dir='ltr'><strong><em>κ’</em></strong></span> <span class='ocrx_word' id='word_1_266' title='bbox 907 3828 1014 3901; x_wconf 87' lang='grc' dir='ltr'><strong><em>Ἀχαιοί</em></strong></span> 
     </span>
     <span class='ocr_line' id='line_1_38' title="bbox 285 3914 930 3986; baseline -0.006 -12"><span class='ocrx_word' id='word_1_267' title='bbox 285 3922 378 3974; x_wconf 60' lang='lat' dir='ltr'><strong><em>mmor</em></strong></span> <span class='ocrx_word' id='word_1_268' title='bbox 395 3917 465 3972; x_wconf 80' lang='grc' dir='ltr'><strong><em>αλπίι</em></strong></span> <span class='ocrx_word' id='word_1_269' title='bbox 484 3917 572 3972; x_wconf 72' lang='grc' dir='ltr'><strong><em>ἕλοιεν</em></strong></span> <span class='ocrx_word' id='word_1_270' title='bbox 592 3917 739 3986; x_wconf 86' lang='grc' dir='ltr'><strong><em>Ἀθηναίης</em></strong></span> <span class='ocrx_word' id='word_1_271' title='bbox 756 3917 804 3971; x_wconf 84' lang='grc' dir='ltr'><strong><em>διὰ</em></strong></span> <span class='ocrx_word' id='word_1_272' title='bbox 821 3914 930 3986; x_wconf 75' lang='grc' dir='ltr'><strong><em>βουλάς.</em></strong></span> 
     </span>
     <span class='ocr_line' id='line_1_39' title="bbox 284 3997 1126 4077; baseline -0.001 -19"><span class='ocrx_word' id='word_1_273' title='bbox 284 4002 315 4058; x_wconf 88' lang='grc' dir='ltr'><strong><em>τὸ</em></strong></span> <span class='ocrx_word' id='word_1_274' title='bbox 333 4007 401 4077; x_wconf 80' lang='grc' dir='ltr'><strong><em>πρὶν</em></strong></span> <span class='ocrx_word' id='word_1_275' title='bbox 419 4001 446 4057; x_wconf 79' lang='grc' dir='ltr'><strong><em>δ’</em></strong></span> <span class='ocrx_word' id='word_1_276' title='bbox 467 4000 526 4056; x_wconf 76' lang='grc' dir='ltr'><strong><em>οὔτ’</em></strong></span> <span class='ocrx_word' id='word_1_277' title='bbox 547 4001 593 4075; x_wconf 74' lang='grc' dir='ltr'><strong><em>ἄρ’</em></strong></span> <span class='ocrx_word' id='word_1_278' title='bbox 613 4001 668 4058; x_wconf 73' lang='grc' dir='ltr'><strong><em>έτόι</em></strong></span> <span class='ocrx_word' id='word_1_279' title='bbox 687 4001 766 4071; x_wconf 88' lang='grc' dir='ltr'><strong><em>παόω</em></strong></span> <span class='ocrx_word' id='word_1_280' title='bbox 780 4000 870 4072; x_wconf 85' lang='grc' dir='ltr'><strong><em>χόλον</em></strong></span> <span class='ocrx_word' id='word_1_281' title='bbox 888 3998 950 4057; x_wconf 82' lang='grc' dir='ltr'><strong><em>οὔτε</em></strong></span> <span class='ocrx_word' id='word_1_282' title='bbox 969 4000 1022 4056; x_wconf 84' lang='grc' dir='ltr'><strong><em>τιν’</em></strong></span> <span class='ocrx_word' id='word_1_283' title='bbox 1042 3997 1126 4057; x_wconf 83' lang='grc' dir='ltr'><strong><em>ἀλλον</em></strong></span> 
     </span>
     <span class='ocr_line' id='line_1_40' title="bbox 284 4084 991 4159; baseline -0.004 -16"><span class='ocrx_word' id='word_1_284' title='bbox 284 4086 434 4145; x_wconf 75' lang='grc' dir='ltr'><strong><em>ἀθανάτων</em></strong></span> <span class='ocrx_word' id='word_1_285' title='bbox 452 4093 610 4142; x_wconf 88' lang='grc' dir='ltr'><strong><em>Δαναοῖσιν</em></strong></span> <span class='ocrx_word' id='word_1_286' title='bbox 628 4084 769 4159; x_wconf 75' lang='grc' dir='ltr'><strong><em>ἀμυνέμεν</em></strong></span> <span class='ocrx_word' id='word_1_287' title='bbox 786 4086 886 4141; x_wconf 73' lang='grc' dir='ltr'><strong><em>ἐνθάδ’</em></strong></span> <span class='ocrx_word' id='word_1_288' title='bbox 906 4085 991 4149; x_wconf 70' lang='grc' dir='ltr'><strong><em>ἐάσω,</em></strong></span> 
     </span>
     <span class='ocr_line' id='line_1_41' title="bbox 284 4169 974 4249; baseline -0.003 -21"><span class='ocrx_word' id='word_1_289' title='bbox 284 4179 353 4249; x_wconf 81' lang='grc' dir='ltr'><strong><em>πρίν</em></strong></span> <span class='ocrx_word' id='word_1_290' title='bbox 370 4191 402 4228; x_wconf 75' lang='grc' dir='ltr'><strong><em>τε</em></strong></span> <span class='ocrx_word' id='word_1_291' title='bbox 420 4170 450 4224; x_wconf 86' lang='grc' dir='ltr'><strong><em>τό</em></strong></span> <span class='ocrx_word' id='word_1_292' title='bbox 471 4169 611 4239; x_wconf 68' lang='grc' dir='ltr'><strong><em>Πηλεΐδαο</em></strong></span> <span class='ocrx_word' id='word_1_293' title='bbox 630 4175 827 4240; x_wconf 76' lang='grc' dir='ltr'><strong><em>τελευτηθῆναι</em></strong></span> <span class='ocrx_word' id='word_1_294' title='bbox 844 4173 974 4244; x_wconf 67' lang='grc' dir='ltr'><strong><em>έεέλδωρ,</em></strong></span> 
     </span>
    </p>

    <p class='ocr_par' dir='ltr' id='par_1_15' title="bbox 236 4253 1077 4498">
     <span class='ocr_line' id='line_1_42' title="bbox 236 4253 1077 4330; baseline -0.004 -18"><span class='ocrx_word' id='word_1_295' title='bbox 236 4263 267 4312; x_wconf 76' lang='grc' dir='ltr'><strong><em>ἰδ</em></strong></span> <span class='ocrx_word' id='word_1_296' title='bbox 286 4255 322 4319; x_wconf 82' lang='grc' dir='ltr'><strong><em>ὥς</em></strong></span> <span class='ocrx_word' id='word_1_297' title='bbox 338 4278 386 4312; x_wconf 66' lang='grc' dir='ltr'><strong><em>τοι</em></strong></span> <span class='ocrx_word' id='word_1_298' title='bbox 403 4256 528 4321; x_wconf 82' lang='grc' dir='ltr'><strong><em>ὑπέστην</em></strong></span> <span class='ocrx_word' id='word_1_299' title='bbox 545 4257 669 4328; x_wconf 84' lang='grc' dir='ltr'><strong><em>πρῶτον,</em></strong></span> <span class='ocrx_word' id='word_1_300' title='bbox 688 4255 747 4327; x_wconf 74' lang='grc' dir='ltr'><strong><em>έμηῖ</em></strong></span> <span class='ocrx_word' id='word_1_301' title='bbox 765 4253 795 4308; x_wconf 84' lang='grc' dir='ltr'><strong><em>δ’</em></strong></span> <span class='ocrx_word' id='word_1_302' title='bbox 815 4256 950 4312; x_wconf 71' lang='grc' dir='ltr'><strong><em>ἐπένευσα</em></strong></span> <span class='ocrx_word' id='word_1_303' title='bbox 968 4253 1077 4330; x_wconf 90' lang='grc' dir='ltr'><strong><em>κάρητι,</em></strong></span> 
     </span>
     <span class='ocr_line' id='line_1_43' title="bbox 284 4337 1004 4414; baseline -0.001 -17"><span class='ocrx_word' id='word_1_304' title='bbox 284 4339 367 4414; x_wconf 76' lang='grc' dir='ltr'><strong><em>ἤματι</em></strong></span> <span class='ocrx_word' id='word_1_305' title='bbox 387 4346 426 4412; x_wconf 78' lang='grc' dir='ltr'><strong><em>τῷ</em></strong></span> <span class='ocrx_word' id='word_1_306' title='bbox 443 4337 486 4394; x_wconf 79' lang='grc' dir='ltr'><strong><em>ὅτ’</em></strong></span> <span class='ocrx_word' id='word_1_307' title='bbox 506 4341 584 4411; x_wconf 80' lang='grc' dir='ltr'><strong><em>έμεῖο</em></strong></span> <span class='ocrx_word' id='word_1_308' title='bbox 602 4338 656 4394; x_wconf 80' lang='grc' dir='ltr'><strong><em>θεὰ</em></strong></span> <span class='ocrx_word' id='word_1_309' title='bbox 677 4343 756 4401; x_wconf 82' lang='grc' dir='ltr'><strong><em>Θέτις</em></strong></span> <span class='ocrx_word' id='word_1_310' title='bbox 772 4337 865 4410; x_wconf 77' lang='grc' dir='ltr'><strong><em>ἥψατο</em></strong></span> <span class='ocrx_word' id='word_1_311' title='bbox 882 4338 1004 4406; x_wconf 67' lang='grc' dir='ltr'><strong><em>κοτίνων,</em></strong></span> 
     </span>
     <span class='ocr_line' id='line_1_44' title="bbox 284 4421 948 4498; baseline -0.003 -17"><span class='ocrx_word' id='word_1_312' title='bbox 284 4429 436 4498; x_wconf 88' lang='grc' dir='ltr'><strong><em>λισσομένη</em></strong></span> <span class='ocrx_word' id='word_1_313' title='bbox 455 4427 570 4497; x_wconf 79' lang='grc' dir='ltr'><strong><em>τιμῆσαι</em></strong></span> <span class='ocrx_word' id='word_1_314' title='bbox 581 4421 708 4496; x_wconf 79' lang='grc' dir='ltr'><strong><em>Ἀχιλλῆα</em></strong></span> <span class='ocrx_word' id='word_1_315' title='bbox 726 4421 948 4497; x_wconf 81' lang='grc' dir='ltr'><strong><em>πτολέπορθον.”</em></strong></span> 
     </span>
    </p>
   </div>
   <div class='ocr_carea' id='block_1_5' title="bbox 0 0 1446 5016">
    <p class='ocr_par' dir='ltr' id='par_1_16' title="bbox 0 0 1446 5016">
     <span class='ocr_line' id='line_1_45' title="bbox 0 0 1446 5016; baseline 0 0"><span class='ocrx_word' id='word_1_316' title='bbox 0 0 1446 5016; x_wconf 95' lang='lat' dir='ltr'><strong><em> </em></strong></span> 
     </span>
    </p>
   </div>
  </div>
 </body>
</html>
