2872 5016
522 304 565 356 13.
602 304 824 357 ΙΛΙΑΔΟΣΝ

124 463 231 543 τεῖχος
252 456 411 549 ἐδέδμητο
431 459 706 545 χθαμαλώτατον,
729 459 814 532 ἔνθα
834 461 980 550 μάλιστα

126 564 272 652 ζαχρηεῖς
292 558 441 629 τίννοντο
462 562 550 654 μάχη
573 561 670 632 αότοί
689 590 726 633 τε
746 564 804 633 καί
825 567 941 632 ἵπποι.

71 696 109 735 ωε
124 662 213 733 ἔνθα
235 666 272 733 δὲ
293 665 443 732 Βοιωτοὶ
465 666 523 732 καὶ
541 662 659 747 Ἰάονες
680 662 898 750 ἑλκεχίτωνες,

123 769 259 856 Λοκροὶ
280 766 337 834 καὶ
361 770 469 834 Φθῖοι
491 767 548 835 καὶ
570 766 805 859 φαιδιμόεντες
822 765 954 835 Ἐπειοί

123 873 257 959 σπουδῆ
278 869 484 938 ἐπαΐσσοντα
504 871 585 937 νεῶν
605 867 692 952 ἔχον,
716 867 793 938 οὐδὲ
816 869 950 936 δύναντο

124 965 210 1039 ὦσαι
234 969 305 1039 άπδ
327 969 453 1060 σφείων
475 972 576 1062 φλοτλ
596 970 743 1040 τείκελον
755 970 898 1061 Ἕκτορα
921 973 1004 1051 δῖον,

124 1067 160 1140 οἵ
178 1073 236 1157 μὲν
258 1070 447 1163 Ἀθηναίων
467 1073 733 1164 προλελειμένοι·
756 1073 790 1141 ἐν
813 1070 844 1140 δ’
866 1069 930 1161 άρα
950 1077 1056 1141 τοῖσιν

71 1207 111 1245 ιιι
125 1168 196 1264 ἦρχ’
219 1173 289 1255 υίὸς
310 1182 444 1243 Πετεῶο
466 1177 673 1258 Μενεσθεύς,
698 1172 733 1245 όί
751 1173 783 1245 δ’
804 1174 862 1262 ἅμ’
886 1175 1006 1244 ἵποντο

125 1275 250 1358 Φείδας
269 1304 305 1345 τε
327 1275 462 1361 Στιχίος
482 1303 518 1345 τε
541 1278 627 1358 Βίας
647 1275 678 1346 τ’
700 1277 767 1357 δός·
791 1275 893 1366 αὐτάρ
911 1275 1053 1345 Ἐπειῶν

124 1380 288 1470 Φυλεΐδης
308 1405 345 1446 τε
365 1379 486 1469 Μέγης
499 1376 651 1472 Ἀμφίων
671 1406 707 1447 τε
729 1376 877 1467 Δρακίος
897 1405 942 1461 τε,

124 1482 190 1569 πρὸ
214 1479 334 1548 Φθίων
356 1480 394 1547 δὲ
415 1479 543 1548 Μέδων
563 1506 600 1549 τε
620 1479 864 1566 μενεπτόλεμός
884 1505 920 1547 τε
940 1479 1126 1570 Ποδάρκης.

122 1574 143 1671 r}
163 1608 219 1650 τοι
242 1580 261 1650 δ’
281 1583 341 1667 μὲν
363 1580 467 1664 νόθος
487 1579 559 1663 υίὸς
577 1579 706 1673 Ὀιλῆος
727 1582 843 1652 θείοιο

69 1710 108 1750 τοι
123 1680 197 1752 ἔσκε
218 1683 355 1766 Μίδων,
377 1683 530 1767 Αἴαντος
551 1681 722 1776 ἀδελφεός,
746 1682 848 1773 αότδρ
869 1682 975 1753 ἔναιεν

123 1785 157 1853 ἐν
179 1786 326 1877 Φυλόκη,
348 1785 446 1878 ναίης
468 1784 539 1854 άπο
559 1786 736 1875 πατρίδος,
758 1783 861 1874 άνδρα
881 1785 1058 1867 κατακτάς,

122 1889 245 1954 ννωτδν
265 1891 426 1979 μητρυιῆς
443 1885 645 1976 Ἐριώπιδος
664 1883 704 1976 ῆν
725 1885 772 1971 ἔχ’
791 1885 929 1969 Ὀιλεός·

124 1987 228 2077 αότάρ
251 1986 271 2056 ἵ
292 1987 472 2080 Ριφίκλοιο
494 1989 579 2070 πάις
598 1996 658 2056 τοῦ
681 1986 880 2058 Φυλακίδαο.

125 2088 162 2158 οἵ
180 2091 239 2176 μὲν
260 2092 328 2180 πρό
353 2091 474 2160 Φθίων
494 2091 700 2178 μεν-αθόμων
720 2091 964 2182 θωρηχθέντες,

72 2222 111 2262 ιω
126 2196 247 2283 ναῦφιν
270 2190 481 2278 άμυνόμενοι,
504 2194 588 2279 μετὰ
611 2195 769 2261 Βοιωτῶν
789 2193 965 2279 ἐμάχοντο·

124 2292 221 2375 Αἰἀς
243 2292 273 2362 δ’
298 2293 410 2364 οόκέτι
434 2294 592 2380 πάμπαν,
613 2290 741 2383 Ὀιλῆος
761 2295 861 2378 ταχδς
881 2292 964 2377 υἱός,

124 2394 235 2464 ἵστατ’
259 2393 321 2463 ἀπ’
343 2393 499 2477 Αἴαντος
526 2395 748 2482 Τελαμωνίου,
771 2393 843 2466 οὐδ’
864 2394 999 2488 η’βαιόν,

125 2495 192 2564 ἀλλ’
216 2495 261 2579 ῶς
281 2495 311 2564 τ’
336 2497 370 2566 ἐν
391 2500 469 2589 νειῷ
488 2499 549 2585 βόε
568 2497 707 2567 νοίνοπε
728 2499 854 2590 πηκτόν
876 2496 1027 2589 ι’ίροτρον,

122 2606 217 2669 τῖσον
238 2601 349 2686 θυμόν
371 2598 494 2685 ἔχοντα,
516 2599 711 2669 τιταίνετον·
733 2598 823 2692 άμφλ
845 2599 877 2670 δ’
899 2599 963 2691 δίρα
984 2626 1065 2693 σφιν

72 2728 110 2768 ιω
125 2708 322 2792 πρυμνοῖσιν
343 2704 496 2790 κεράεσσι
518 2704 622 2784 πολδς
644 2701 815 2794 άνακηκίει
837 2700 950 2793 ῖδρῶς·

125 2804 170 2872 τιδ
191 2804 253 2890 μέν
273 2830 309 2872 τε
333 2806 427 2887 ζυνδν
449 2797 521 2873 οῖον
542 2803 651 2886 ἐύξοον
673 2802 780 2896 άμφίς
801 2805 927 2894 λεέρτει

124 2907 264 2992 τιεμένω
286 2909 372 2975 κατὰ
391 2909 516 2988 νῶλκα,
540 2909 632 2992 τέμει
655 2907 693 2975 δέ
712 2934 749 2976 τε
769 2908 885 2977 τέλσον
905 2905 1061 2998 άροόρης·

125 3002 171 3090 ὦς
191 3009 237 3076 τῶ
259 3012 477 3097 παρβεβαῶτε
498 3005 576 3095 μάλ’
601 3008 743 3077 ἵστασαν
764 3007 943 3100 α’λλῆλοιιν.

126 3109 192 3179 ἀλλ’
215 3106 236 3201 ῆ
257 3136 312 3179 τοι
339 3110 575 3199 Τελαμωνιάδῃ
598 3110 719 3179 πολλοί
740 3138 776 3179 τε
798 3113 855 3179 καί
877 3112 998 3181 ἐσθλοί

73 3243 112 3281 ιω
125 3219 203 3288 λαοὶ
225 3212 348 3288 ἕπονθ’
371 3215 498 3302 ἵταροι,
523 3215 558 3279 οἵ
576 3237 633 3279 τοι
656 3211 758 3293 σάκος
780 3213 966 3297 ἐξεδέχοντο

125 3319 258 3390 ὁππότε
278 3346 337 3407 μιν
358 3315 506 3402 κάματός
526 3331 563 3382 τε
584 3315 641 3381 καὶ
665 3311 762 3401 ῖδριδς
783 3313 926 3384 νοόναθ’
948 3318 1069 3385 ἵκοιτο·

125 3421 199 3493 οἵδ’
223 3420 278 3514 ἄρ’
297 3420 448 3509 Ὀιλιάδη
471 3415 672 3507 μειαλῆτορι
693 3420 827 3504 Λοκροὶ
851 3416 987 3487 ἵποντο·

124 3524 161 3595 οὗ
182 3526 246 3615 κάρ
268 3548 330 3616 σφι
354 3519 474 3610 σταδίῃ
495 3517 615 3611 ὑσμίνη
635 3516 734 3607 μίμνε
755 3517 854 3611 φίλον
874 3524 947 3612 κῆρ·

125 3625 162 3696 οὐ
183 3629 247 3716 τὰρ
270 3625 343 3712 ἔχον
364 3623 512 3714 κόρυθας
531 3621 712 3714 χαλκήρεας
734 3619 974 3708 ἱπποδασείας,

73 3756 112 3796 ωε
126 3726 198 3798 οὐδ’
220 3727 292 3812 ἔχον
315 3724 469 3807 όσπίδας
490 3723 663 3804 εόκόκλους
684 3726 741 3794 καὶ
762 3724 893 3811 μείλινα
916 3729 1029 3815 δοῖρα,

128 3828 196 3899 ἀλλ’
220 3827 283 3920 ίίρα
304 3830 453 3911 τόξοισιν
473 3827 532 3896 καὶ
554 3826 727 3918 ἐυστρεφεῖ
747 3825 817 3908 οἶός
839 3824 935 3918 άῶτῳ

126 3933 241 4002 δ’ίλιον
263 3931 313 4015 εἷς
334 3928 393 4018 ἅμ’
417 3929 539 3999 ἕποντο
560 3929 784 4011 πεποιθότες,
809 3921 896 3998 οἷσιν
918 3927 1038 3998 ἔπειτα

123 4035 254 4127 ταρφέα
276 4035 450 4123 βάλλοντες
476 4032 595 4120 Τρῶων
617 4031 772 4120 ῥήινυντο
794 4029 977 4120 φάλατνας.

126 4139 168 4230 δῆ
191 4146 234 4229 ῥα
254 4135 337 4207 τόθ’
359 4133 397 4205 οἵ
414 4134 475 4222 μὲν
496 4133 631 4224 πρόσθε
653 4133 710 4200 οὐν
732 4129 837 4200 ἔντεσι
861 4129 1088 4200 δαιδαλέοισιν

73 4270 112 4309 τεο
125 4240 287 4333 μάρναντο
312 4236 441 4328 Τρωσίν
460 4261 497 4303 τε
518 4234 576 4302 καὶ
589 4234 724 4318 Ἕκτορι
744 4235 989 4323 χαλκοκορυστῇ
994 4284 1003 4315 ,

124 4339 161 4413 οἵ
181 4341 213 4412 δ’
236 4339 363 4411 όπιθεν
384 4340 560 4427 βάλλοντες
580 4335 771 4404 ἐλάνθανον.
816 4333 895 4405 οὐδέ
914 4361 949 4403 τι
969 4335 1096 4429 χάρμης

130 4447 238 4538 Τρῶες
258 4441 496 4534 μιμνήσκοντο·
518 4437 720 4508 συνεκλόνεον
740 4437 804 4526 τδρ
827 4433 945 4507 όιστοί.
