2872 5016
1212 256 1233 321 5

234 430 283 482 μις
298 413 344 463 καὶ
363 409 451 476 Λητώ
465 406 544 481 Ἀρης
559 424 588 463 τε
605 412 651 462 καὶ
667 407 862 484 Σκάμανδρος.
887 413 1007 468 Λλνείαν
1022 413 1053 466 δὲ
1070 411 1240 468 ἀντιστάντα

237 494 355 566 Ἀχιλλεῖ
373 493 454 557 σώζει
470 495 621 548 Ποσειδῶν
632 497 734 568 νεφέλη
746 494 880 566 καλύψας.
907 494 1043 567 Ἀχιλλεὺς
1055 497 1086 550 δὲ
1098 493 1198 558 ἀλλους
1209 515 1238 550 τε

235 581 346 652 ἀναιρεῖ
360 584 405 633 καὶ
422 578 597 652 Πολύδωρον
613 579 663 633 τὸν
679 578 812 653 Πριάμου
829 583 927 635 παῖδα.
948 579 1050 652 Ἕκτωρ
1064 583 1093 635 δὲ
1107 579 1240 643 ἀντιστάς

236 662 309 734 αύτῷ
326 663 432 736 φεύτει,
447 661 621 723 Ἀπόλλωνος
638 662 781 722 σώσαντος
799 661 892 719 αὐτόν.
919 669 984 725 τοὺς
996 667 1027 719 δὲ
1040 662 1140 725 ἀλλους
1153 663 1240 737 Ἀχιλ-
1325 698 1329 705 -

235 750 297 810 λεύς
308 749 354 803 έπὶ
368 749 418 817 τήν
431 749 516 804 πόλιν
528 748 685 820 φεύγοντας
697 754 863 801 ιιιιτεπείνει.

138 878 177 937 Φ.
221 869 310 960 μάχη
327 868 593 959 παραποτάμιος.
1251 890 1289 951 21

204 993 260 1045 τών
274 989 378 1065 Τρώων
396 993 435 1050 εἰς
451 989 502 1041 δύο
522 990 721 1058 διαιρεθέντων
732 991 811 1059 μέρη,
825 989 891 1048 τούς
902 991 955 1061 μὲν
968 992 1007 1048 εἰς
1018 989 1068 1058 τὴν
1080 989 1166 1045 πόλιν
1176 990 1241 1050 τούς

236 1076 268 1128 δὲ
288 1078 328 1135 εἰς
344 1076 394 1129 τὸν
405 1070 737 1146 ΣκάμανδρονἈχιλλεύς
754 1072 861 1136 διώκει,
880 1077 926 1126 καὶ
940 1071 1060 1126 δεκαδύο
1073 1078 1206 1138 νεανίαςζ
1228 1105 1240 1114 -

236 1165 301 1230 τρεῖ
318 1163 358 1219 είς
382 1159 486 1227 ποινὴν
502 1157 678 1228 Πατρόκλου,
697 1157 746 1211 τὸν
763 1158 793 1210 δὲ
811 1155 946 1230 Πριάμου
963 1157 1024 1213 υἱόν
1041 1155 1179 1213 Λυκάονα
1195 1161 1254 1224 καὶΙ

239 1242 440 1317 Ἀστεροπαῖον
457 1241 573 1314 ἀναιρεῖ.
605 1243 699 1296 ἔπειτα
716 1245 765 1294 τοῦ
784 1245 915 1312 ποταμοῦ
933 1240 1130 1315 πλημύραντος
1146 1243 1240 1297 κινδυ-

238 1328 353 1385 νεύοντα
366 1326 452 1383 αύτόν
464 1324 716 1399 σώζειἭιμιιστος,
730 1325 878 1401 ἐμπρήσας
889 1327 941 1381 τόν
953 1326 1085 1397 ποταμὸν
1094 1331 1140 1381 καὶ
1149 1326 1180 1380 τό
1191 1346 1240 1382 πε·

237 1414 308 1468 δίον.
330 1413 400 1485 μετὰ
418 1415 504 1465 ταῦτα
521 1415 595 1466 δεών
614 1409 691 1483 μάχη
703 1417 806 1465 πίνεται
821 1411 893 1481 πρὸς
905 1409 1045 1480 ἀλλήλους.
1074 1411 1196 1482 Ἀχιλλέα
1208 1413 1238 1465 δὲ

238 1495 380 1552 Ἀπόλλων
397 1501 480 1568 εἴργει
497 1493 621 1567 Ἀγήνορι
637 1495 800 1566 ὁμοιωθείς,
819 1500 863 1548 καὶ
877 1494 991 1565 ψεύτων
1002 1497 1134 1566 ἐξαπατᾷ,
1148 1496 1198 1556 ἕως
1211 1499 1240 1549 οἱ

239 1584 329 1653 Τρῶες
341 1580 522 1643 διασώζονται
537 1585 576 1640 εἰς
588 1579 637 1650 τὴν
649 1578 740 1634 πόλιν.

137 1711 179 1768 Χ.
217 1700 375 1789 Ἕκτορος
389 1697 565 1788 ἀναίρεσις.
1253 1708 1293 1770 22

206 1827 267 1885 τών,
277 1823 380 1894 Τρώων
400 1823 618 1876 έτκλεισδέιτων
639 1824 678 1881 ελς
697 1823 747 1889 τήν
764 1821 848 1874 πόλιν
863 1821 952 1892 μόνος
964 1818 1066 1893 Ἕκτωρ
1084 1821 1240 1893 ὑπομείνας

239 1906 362 1978 Ἀχιλλέα
375 1907 406 1960 τὸ
419 1909 474 1978 μέν
486 1910 598 1976 πρώτον
610 1904 716 1976 ηιεύτει,
730 1906 824 1958 ἔπειτα
838 1907 867 1958 δέ
882 1903 1048 1959 ἀνθίσταται
1062 1903 1180 1972 Ἀθηνᾶς
1192 1906 1240 1960 αύ-

238 1993 288 2047 τὸν
300 1990 437 2058 πεισάσης
448 1995 493 2044 καὶ
506 1990 667 2061 ἀναιρεῖται.
692 1989 799 2055 έξάηιας
810 1991 839 2041 δὲ
854 1988 940 2043 αὐτὸν
950 1993 1001 2042 τοῦ
1013 1985 1138 2061 ἀρματος
1151 1992 1240 2062 Ἀχιλ-

239 2075 300 2135 λεύς
320 2075 368 2128 διὰ
385 2078 434 2128 τοῦ
452 2076 554 2128 πεδίου
571 2076 618 2128 ἐπὶ.
636 2074 685 2128 τόν
701 2071 886 2145 ναύσταθμον
900 2073 978 2126 ἐ’λκει.
1012 2078 1040 2126 ολ
1056 2076 1087 2127 δὲ
1106 2074 1174 2128 κατὰ
1191 2075 1242 2143 τήν

239 2162 322 2215 πόλιν
334 2159 482 2233 ὀδύρονται
495 2163 579 2212 ταῦτα
592 2158 709 2228 ὁρῶντες
720 2157 949 2228 ένκεκλεισμένοι.

143 2285 181 2346 Ψ.
226 2273 319 2346 ἀδλα
334 2278 394 2346 ἐπὶ
407 2277 598 2366 Πατρόκλῳ.
1253 2291 1294 2354 23

207 2399 345 2469 Ἀχιλλεὺς
360 2403 415 2454 τῶν
430 2401 641 2470 νενομισμένων
653 2399 699 2450 eni
713 2404 771 2456 τοῖς
785 2403 891 2469 νεκροῖς
901 2400 1073 2469 μεταδίδωσι
1086 2397 1239 2468 Πατρόκλῳ

236 2482 408 2557 τυραννήσας
424 2488 470 2537 καὶ
483 2482 592 2554 σφάξας
604 2482 645 2536 έτι’
660 2480 733 2549 αύτῷ
746 2482 914 2534 δυοκαίδεκα
929 2482 1070 2554 Τρωικοὺς
1079 2488 1241 2543 νεανίσκους

237 2573 281 2623 καὶ
294 2569 376 2630 κύνας
388 2574 433 2623 καὶ
448 2573 554 2626 λ’ππους
565 2571 612 2620 καὶ
625 2562 692 2618 ἀλλα
706 2570 800 2637 ἱερεῖα.
824 2567 918 2619 ἔπειτα
928 2572 971 2620 καὶ
982 2563 1076 2622 άνώνα
1085 2567 1242 2638 έπιτάιμον

238 2662 322 2718 ποιεῖ,
336 2655 367 2709 έν
379 2642 401 2723 ᾧ
413 2658 476 2722 νικᾷ
489 2656 591 2710 ἵπποις
601 2652 655 2723 μὲν
667 2648 821 2722 Διομήδης,
835 2650 934 2722 δρόμῳ
948 2653 977 2704 δὶ
988 2651 1146 2712 Ὀδυσσεύς,
1161 2649 1240 2706 ἄλλοι

237 2739 268 2792 δὲ
281 2735 380 2797 άλλως·
394 2741 437 2791 καὶ
453 2733 539 2796 ούτιος
551 2735 566 2788 ό
579 2733 655 2789 ἀπών
667 2733 816 2788 διαλύεται.

136 2863 177 2926 Ω.
213 2854 369 2944 Ἕκτορος
382 2856 490 2944 λύτρα.
1254 2877 1295 2939 24

205 2976 275 3038 Ζεύς
286 2973 578 3049 κηδόμενοςἝκτορος
589 2979 673 3032 Θέτιν
677 2978 731 3048 μὲν
740 2977 812 3049 πρὸς
823 2975 945 3046 Ἀχιλλέα
955 2979 1070 3048 πέμπει,
1081 2973 1158 3037 ὅπως
1167 2978 1239 3031 ἀπο-

239 3065 280 3133 δῷ
298 3067 347 3116 τοῦ
363 3059 452 3133 ἥρωος
464 3063 495 3116 τὸ
509 3067 598 3133 σῶμα,
608 3054 677 3135 Ἶριν
689 3061 719 3113 δέ
733 3061 806 3131 πρὸς
818 3066 957 3132 Πρίιιμον,
972 3057 1049 3121 ὅπως
1060 3059 1145 3134 λύτρα
1158 3068 1241 3134 κομί-

240 3163 291 3208 σας
304 3145 424 3218 Ἀχιλλεῖ
438 3146 488 3200 τόν
505 3145 604 3218 νεκρὸν
619 3147 668 3196 τοῦ
687 3145 791 3202 παιδὸς
802 3141 939 3218 ἀπολάβη.
965 3141 1024 3198 όδὲ
1038 3151 1242 3218 προπεμφθεὶς

238 3231 296 3285 ύπὸ
315 3231 426 3302 Ἑρμοῦ,
443 3234 625 3299 κοιμίσαντος
641 3226 706 3286 τούς
719 3227 892 3294 Ἑλληνικούς
908 3227 1043 3300 φύλακας,
1058 3237 1241 3302 παρανίνεται

239 3314 311 3385 πρὸς
323 3314 374 3369 τόν
387 3311 518 3384 Ἀχιλλέα,
531 3315 577 3366 καὶ
591 3311 732 3374 ἱκετεύσας
743 3310 829 3368 αὐτὸν
841 3310 1036 3385 ἀπολαμβάνει
1049 3314 1099 3370 τόν
1111 3314 1180 3379 υἱόν,
1194 3319 1240 3369 καλ

238 3397 412 3468 ἀνακομίσας
424 3403 463 3458 εἰς
474 3397 524 3467 τήν
536 3396 621 3453 πόλιν
632 3395 737 3451 δάπτει
749 3402 795 3452 καὶ
807 3394 849 3453 ἐπ’
865 3395 939 3467 αύτῷ
952 3398 1071 3454 δεῖπνον
1083 3395 1154 3454 ἀντι.
