2872 5016
553 1624 938 1736 PRAEFATIO.

222 1936 223 1939 Ἴ
280 1943 338 2032 dui
358 1955 623 2045 studiaHomerica
638 1971 672 2013 ex
688 1950 825 2011 diuturno
841 1949 979 2029 languore
995 1952 1152 2028 suscitavit,
1167 1953 1298 2016 Fridori-

194 2111 245 2153 cus
260 2091 407 2169 Augustus
423 2089 546 2150 Wolfius
566 2093 657 2147 artem
679 2083 807 2144 criticam
822 2083 896 2143 ultra
911 2081 1070 2145 Aristarchi
1089 2084 1295 2148 recensionem

193 2223 306 2303 regredi
321 2241 411 2302 posse
430 2221 560 2300 negabat.
591 2217 683 2289 idem,
704 2214 773 2294 quid
789 2214 936 2276 Homerus
957 2217 1105 2292 cecinerit,
1126 2218 1247 2280 nonnisi
1262 2238 1297 2280 ex

195 2356 318 2436 quadam
334 2353 462 2432 analogia
478 2351 639 2413 carminum
655 2356 731 2409 recte
750 2347 871 2408 iudicari
886 2348 1088 2412 arbitrabatur.
1119 2371 1207 2431 quarn
1223 2371 1296 2414 con·

196 2497 331 2570 gruenter
347 2495 516 2565 utrumque,
533 2501 611 2544 nunc
626 2499 687 2542 non
702 2498 824 2559 quaero:
848 2480 883 2539 de
898 2482 1028 2561 analogia
1043 2484 1230 2546 vehementer
1247 2504 1295 2546 as-

196 2623 307 2684 sentior
320 2621 382 2680 viro
399 2618 514 2691 eximio,
529 2634 624 2695 neque
635 2613 719 2675 aliam
735 2622 820 2691 atquo
834 2612 905 2674 haec
916 2623 1066 2677 monstrat
1074 2616 1156 2678 video
1169 2617 1245 2678 viam
1260 2618 1295 2679 ad

196 2763 306 2816 textum
322 2752 376 2813 sibi
388 2757 570 2812 constantem
582 2767 615 2809 ac
630 2746 859 2819 convenientem,
875 2746 985 2826 legibus
1001 2755 1193 2828 temperatum
1210 2750 1296 2812 certis

195 2895 224 2948 et
243 2885 381 2959 delinitis,
403 2884 483 2945 omni
503 2883 625 2960 denique
645 2897 748 2959 genere
769 2878 956 2958 aequabilem.
990 2890 1076 2961 atque
1099 2889 1211 2944 tantam
1231 2903 1296 2946 esse

181 3018 343 3097 ,analogiae
357 3017 414 3078 vim
430 3024 457 3077 et
470 3013 677 3095 praestantiam
692 3011 749 3073 iam
766 3019 828 3073 turn
845 3011 1020 3084 divinabam,
1041 3033 1107 3075 curn
1125 3016 1295 3080 adolescens

196 3152 321 3231 primam
337 3158 439 3230 poetae
455 3165 573 3226 operam
586 3144 665 3217 dedi,
681 3143 814 3222 ideoque,
830 3145 961 3223 quamvis
974 3148 1229 3224 grammaticorum
1246 3169 1296 3210 oo-

197 3283 354 3360 dicumque
369 3278 536 3341 auctoritate
551 3277 637 3356 plane
648 3275 794 3347 movebar,
811 3295 956 3338 summam
968 3287 1064 3341 tamen
1076 3281 1171 3343 iudicii
1183 3301 1216 3343 ex
1228 3300 1297 3361 per-

196 3414 334 3494 petuitate
344 3413 469 3493 quadarn
480 3419 508 3472 et
516 3430 592 3472 nexu
602 3409 848 3481 testimoniorum,
857 3429 930 3490 quae
942 3411 1004 3490 ipsa
1017 3413 1071 3475 sibi
1084 3414 1211 3475 carmina
1219 3414 1297 3477 dice-

194 3557 269 3622 rent,
282 3546 505 3627 suspendebam.
522 3564 607 3621 nunc,
615 3556 685 3628 post
691 3549 783 3610 lustra
792 3549 891 3609 decem
900 3545 1046 3625 multaque
1054 3547 1197 3609 facultatis
1207 3567 1296 3622 meae,

197 3681 222 3742 si
241 3700 296 3760 qua
315 3687 372 3754 est,
393 3679 506 3740 criticae
526 3679 625 3742 multis
645 3680 676 3742 in
696 3681 887 3761 scriptoribus
907 3679 1113 3760 experimenta,
1133 3680 1232 3741 eadem
1251 3679 1298 3742 illa

197 3812 326 3891 analogia
341 3820 475 3893 tanquam
494 3812 567 3874 duce
582 3821 710 3893 spectata
725 3821 753 3875 ct
767 3815 887 3894 probata
900 3814 986 3875 ctiam
998 3813 1191 3875 confidentius
1207 3816 1297 3876 iratus

197 3965 213 4008 a
227 3952 343 4024 recepta
357 3944 442 4024 urigo
457 3947 580 4009 lectione
594 3946 708 4024 longius
724 3966 809 4027 quam
825 3948 983 4009 ullusante
997 3967 1045 4008 me
1061 3947 1155 4009 editor
1170 3947 1297 4010 discedo.

195 4086 293 4139 natam
305 4096 339 4137 eo
352 4076 436 4157 pacto
449 4078 534 4140 huius
546 4080 681 4141 editionis
693 4100 709 4142 a
721 4081 824 4142 ceteris
837 4081 1102 4144 dissimilitudinem
1115 4083 1297 4164 hocquidem

195 4211 259 4271 loco
276 4210 346 4272 satis
368 4210 459 4272 habeo
481 4211 607 4275 breviter
626 4234 659 4276 ac
678 4215 847 4276 summatim
869 4234 1052 4295 percurrere,
1072 4219 1209 4297 peculiari
1228 4237 1298 4279 mox

194 4342 290 4405 libello
307 4344 392 4406 altius
408 4352 448 4419 et,
468 4353 501 4406 ut
520 4356 646 4426 oportet,
662 4368 678 4410 a
694 4348 785 4428 capite
804 4349 1000 4428 repetendam.
