2872 5016
594 271 619 318 θ,
655 265 879 320 luston

190 418 322 506 άτρεκές
343 413 416 505 αἷμ’
437 416 557 489 έσσευα
577 421 698 506 βαλών,
719 415 838 510 ήγειρα
859 417 895 484 δέ
916 416 1050 500 μᾶλλον.

189 524 238 610 τῶ
259 528 300 609 ῥα
321 523 405 612 κακῇ
426 518 506 611 αἴσῃ
529 518 604 588 άπδ
619 522 795 589 πασσάλου
818 515 942 585 α’γκύλα
966 517 1048 598 τόξα

107 639 108 642 ’
139 619 294 712 υωήματι
315 625 363 710 τῷ
384 620 502 711 ἑλόμην
524 621 580 688 ὅτε
601 620 714 690 Ρίλιον
736 620 784 701 είς
805 617 971 706 ἐρατεινήν

189 720 332 813 ήγεόμην
357 720 514 810 Τρώεσσι,
536 722 645 812 φέρων
664 722 759 810 χάριν
771 720 908 806 Ἕκτορι
930 716 1004 806 δίῳ.

193 823 222 891 εί
244 823 282 890 δέ
302 848 339 890 κε
359 822 508 912 νοστήσω
530 825 588 890 καὶ
608 823 778 909 ἐσόψομαι
801 820 1031 913 ὀφθαλμοῖσιν

193 921 329 1012 πατρίδ’
352 924 432 1013 ἐμήν
454 920 571 1005 δίλοχόν
592 947 628 990 τε
649 925 707 990 καί
727 922 891 1013 ὑψερεφὲς
911 923 996 1006 μέγα
1019 922 1123 1005 δῶμα,

194 1022 299 1092 αὐτίκ’
321 1020 430 1090 ἔπειτ’
453 1019 516 1088 άπ)
538 1021 628 1108 ἐμεῖο
648 1022 731 1112 κάρη
752 1023 852 1107 τάμοι
874 1019 1047 1108 ἀλλότριος
1067 1021 1148 1111 φώς,

140 1150 180 1190 ειε
194 1123 224 1193 εἰ
245 1126 289 1214 μή
313 1123 377 1191 ἐγώ
399 1123 480 1191 τάδε
500 1123 580 1203 τόξα
601 1127 727 1213 φαεινῷ
748 1124 783 1192 ἐν
804 1123 885 1210 πυρὶ
907 1121 1005 1210 θείην
1069 1159 1072 1164 ·

190 1227 282 1314 χερσί
304 1223 525 1304 διακλάσσας·
548 1223 714 1308 άνεμώλια
733 1224 797 1312 γάρ
818 1247 877 1308 μοι
900 1218 1053 1311 όπηδελ”

233 1329 291 1394 τόν
312 1324 344 1392 δ’
367 1318 439 1392 αὖτ’
461 1322 603 1403 Αἰνείας
629 1325 747 1415 Τρώων
768 1323 848 1406 άγδς
868 1321 980 1391 άντίον
1001 1320 1086 1412 ηύδα

187 1422 256 1517 ((μή
280 1429 320 1516 δή
343 1426 446 1506 οὕτως
467 1421 617 1514 άγάρευε·
639 1426 745 1514 πάρος
767 1424 800 1494 δ’
822 1423 880 1494 ούκ
902 1423 1034 1493 ἔσσεται
1057 1421 1164 1504 άλλως

193 1528 271 1616 πρίν
291 1525 324 1594 γ’
347 1527 406 1595 ἐπὶ
426 1528 470 1594 νῶ
490 1524 572 1616 τῶδ’
596 1525 690 1616 άνδρὶ
711 1530 770 1596 σύν
791 1530 949 1595 ἵπποισιν
970 1526 1029 1593 καὶ
1051 1521 1189 1616 δ’χεσφιν

141 1659 180 1698 εευ
194 1626 343 1718 άντιβίην
364 1628 501 1697 ἐλθόντε
522 1630 581 1697 σύν
601 1627 706 1697 έντεσι
728 1631 944 1719 πειρηθῆναι.

194 1727 265 1796 ἀλλ’
288 1726 343 1796 (λίγ’
364 1730 451 1815 ἐμῶν
473 1727 573 1814 ὀχέων
595 1728 764 1818 ἐπιβήσεο,
787 1727 876 1820 δ’φρα
897 1727 1012 1819 γίδηαι

195 1824 262 1898 οἷοι
289 1829 412 1918 Τρώιοι
434 1834 550 1910 ἵπποι,
572 1831 788 1913 ἐπιστάμενοι
810 1829 945 1897 πεδίοιο

194 1932 341 2015 κραιπνὰ
362 1928 438 2014 μάλ’
462 1927 546 1996 ἔνθα
567 1932 624 1996 καὶ
646 1927 729 1997 ἔνθα
752 1930 912 2014 διωκέμεν
933 1927 994 2018 ἡδὲ
1015 1929 1200 2018 φέβεσθαι·

196 2032 243 2096 τά
265 2030 322 2096 καί
343 2032 402 2095 νῶι
423 2029 562 2096 πόλινδε
583 2029 759 2109 σαώσετον,
781 2027 818 2096 εί
836 2054 899 2113 περ
922 2024 963 2095 δίν
984 2023 1061 2096 αύτε

145 2162 184 2201 ωε
199 2133 283 2210 Ζεύς
304 2130 364 2197 ἐπὶ
390 2129 531 2221 Τυδείδη
553 2131 724 2222 Διομήδεϊ
743 2132 842 2211 κῦδος
864 2127 969 2220 ὀρέξῃ.

197 2228 269 2298 ἄλλ’
292 2227 353 2298 άγε
374 2233 427 2298 νῦν
447 2232 595 2316 μάστιγα
616 2234 674 2298 καὶ
696 2229 773 2322 ήνία
794 2231 989 2300 σιγαλόεντα

197 2333 300 2414 δέξαι,
323 2333 387 2400 ἐγώ
410 2330 439 2400 δ’
463 2336 579 2401 ἵππων
599 2332 807 2422 ἐπιβήσομαι
830 2329 918 2422 όφρα
938 2332 1111 2418 μάχωμαι·

195 2431 234 2525 ήέ
256 2437 295 2501 οὐ
317 2433 412 2502 τόνδε
434 2434 555 2517 δέδεξο,
577 2434 775 2523 μελήσουσιν
797 2431 829 2502 δ’
851 2434 927 2519 ἐμοί
949 2432 1086 2503 ί’πποι.”

236 2538 294 2604 τὸν
316 2533 349 2602 δ’
372 2529 448 2602 αὖτε
469 2534 672 2624 προσέγειπε
693 2536 870 2615 Λυκάονος
892 2534 1015 2616 άγλαδς
1035 2533 1108 2617 υίός

142 2634 350 2719 εω“Αἶνεία,
374 2638 413 2704 σύ
435 2639 493 2721 μὲν
515 2635 611 2716 αὐτὸς
632 2633 680 2720 ἔχ’
702 2635 777 2726 ήνία
798 2639 856 2705 καί
876 2639 939 2704 τεῶ
960 2640 1074 2705 λ’ππω·

194 2740 317 2823 μᾶλλον
338 2735 397 2829 ὑφ’
418 2735 541 2826 ἡνιόχῳ
565 2735 725 2807 εἶγωθύτι
747 2737 918 2823 καμπύλον
939 2738 1028 2827 ἅρμα

197 2837 334 2919 οίσετον,
359 2837 394 2906 εί
412 2863 474 2928 περ
498 2833 538 2904 ἐν
559 2831 636 2905 αὖτε
658 2839 843 2929 φεβώμεθα
869 2840 990 2921 Τυδέος
1010 2837 1095 2909 υίόν·

195 2941 239 3026 μή
261 2941 308 3006 τώ
330 2939 388 3024 μὲν
410 2937 559 3006 δείσαντε
580 2941 772 3028 ματήσετον,
796 2939 868 3009 οὐδ’
891 2943 1049 3030 ἐθέλητον

196 3040 371 3130 ἐκφερέμεν
393 3039 567 3125 πολέμοιο,
589 3042 663 3109 τεόν
685 3042 840 3131 φθόγγον
862 3041 1038 3122 ποθέοντε,

142 3169 182 3209 ιω
195 3149 256 3209 νῶι
279 3139 309 3208 δ’
333 3141 476 3222 ἐπαΐξας
496 3142 693 3225 μεγαθύμου
720 3144 842 3222 Τυδέος
863 3139 934 3220 υλός

196 3239 283 3308 αύτώ
304 3267 340 3308 τε
362 3240 470 3330 κτείνη
492 3242 549 3306 καὶ
572 3239 695 3331 ἐλάσσῃ
716 3243 865 3326 μώνυχας
887 3244 1021 3324 ἵππους.

194 3339 278 3409 ἀλλὰ
301 3342 341 3410 σύ
362 3338 395 3407 γ’
419 3338 519 3420 αύτδς
540 3337 654 3408 ἔλαυνε
673 3339 721 3410 τέ)
744 3341 874 3433 ἅρματα
896 3346 954 3413 καὶ
975 3345 1037 3414 τεώ
1059 3348 1168 3431 ἵππω,

194 3443 290 3511 τόνδε
312 3440 344 3508 δ’
367 3442 450 3510 ἐγών
471 3441 612 3511 ἐπιόντα
635 3445 810 3530 δεδέξομαι
832 3443 902 3529 ὀξέι
925 3445 1049 3537 δουρί.”

237 3536 282 3624 ῶς
303 3540 368 3631 άρα
389 3543 606 3634 φωνήσαντες,
629 3544 664 3626 ἐς
684 3545 814 3633 ἅρματα
837 3549 977 3617 ποικίλα
999 3550 1123 3637 βάντες,

140 3672 181 3712 εω
195 3642 383 3731 ἐμμεμαῶτ’
406 3645 467 3714 ἐπὶ
493 3646 636 3736 Τυδείδη
659 3644 732 3731 ἔχον
754 3647 858 3730 ὠκέας
880 3653 1016 3732 ἵππους.

194 3749 269 3828 τούς
291 3748 328 3815 δὲ
347 3746 421 3816 γίδε
442 3748 607 3827 Σθένελος
628 3751 828 3841 Καπανήιος
850 3750 973 3832 άγλαδς
993 3751 1075 3835 υἱός,

197 3842 286 3935 αἶψα
309 3850 346 3916 δὲ
371 3849 530 3938 Τυδείδην
550 3849 655 3919 γέπεα
676 3854 855 3941 πτερόεντα
876 3854 1061 3944 προσηύδα.

189 3946 359 4038 “Τυδε’ί’δη
382 3947 552 4040 Διόμηδες
573 3950 644 4039 ἐμῷ
665 3954 876 4042 κεχαρισμένε
897 3958 1008 4044 θυμῷ,

194 4047 286 4139 άνδρ’
311 4047 396 4135 ὁρόω
418 4054 561 4140 κρατερώ
584 4053 643 4120 ἐπὶ
665 4055 721 4122 σοὶ
742 4063 896 4141 μεμαῶτε
917 4057 1097 4141 μάχεσθαι,

139 4178 179 4217 ιω
191 4147 255 4218 εἶν’
277 4147 464 4239 άπέλεθρον
485 4149 627 4236 ἔχοντας.
673 4148 691 4221 ὃ
711 4154 771 4238 μὲν
791 4155 895 4236 τόξων
917 4155 952 4223 ἐύ
973 4155 1102 4236 γειδώς,

193 4251 375 4339 Πάνδαρος,
397 4250 468 4333 υίὸς
490 4252 523 4320 δ’
546 4249 623 4321 αὖτε
644 4253 823 4336 Λυκάονος
844 4254 974 4339 εύχεται
997 4249 1098 4322 εἶναι·

193 4350 336 4433 Αἰνείας
358 4352 390 4421 δ’
412 4352 484 4433 υὶδς
504 4357 723 4445 μεγαλήτορος
745 4353 905 4440 Ἀγχίσαο
