2872 5016
189 276 233 342 34
595 277 620 321 ι.
658 271 879 322 mmm

189 427 223 495 έν
244 426 337 516 νηυσί
358 428 544 516 τλαφυρῇσι
568 421 666 514 φίλην
688 424 722 504 ές
744 421 892 511 πατρίδα
913 426 1020 488 ταῖαν.
1048 491 1051 506 ,

133 544 173 584 ⁴⁵⁹
231 529 295 594 τῶν
317 523 359 608 δ’,
384 524 430 606 ῶς
449 523 479 592 τ’
505 523 646 613 ὀρνίθων
667 528 831 614 πετεηνῶν
851 524 974 592 νέθνεα
996 522 1117 603 πολλά,

188 631 292 719 χηνῶν
313 623 336 717 ἢ
356 626 498 715 τεράνων
519 625 541 716 ἢ
561 626 686 694 κύκνων
708 625 973 715 δουλιχοδείρων,

190 727 294 818 Ἀσίῳ
316 729 352 797 έν
371 731 520 815 λειμῶνι,
544 727 733 818 Καϋστρίου
757 725 845 819 ἀμφὶ
868 728 1006 816 ῥέεθρα,

190 829 275 898 ἔνθα
296 833 353 898 καί
375 828 459 898 ἔνθα
481 834 650 898 ποτῶνται
674 826 880 913 ἀταλλόμενα
902 826 1127 916 πτερύτεσσιν,

189 935 369 1024 κλαττηδδν
391 932 679 1021 προκαθιζόντων,
702 935 864 1018 σμαρατεῖ
886 928 925 996 δέ
945 953 981 994 τε
1002 928 1137 1013 λειμών,

191 1027 234 1114 ῶς
255 1043 319 1102 τῶν
339 1035 461 1103 τέθνεα
483 1035 592 1101 πολλά
614 1036 693 1100 νεῶν
715 1028 785 1100 ἀπο
807 1031 864 1098 καί
887 1031 1046 1098 κλισιάων

136 1161 176 1201 ιω
190 1135 224 1216 ἐς
246 1136 363 1203 πεδίον
385 1136 565 1224 προχέοντο
586 1135 827 1219 Σκαμάνδριον,
851 1129 954 1221 αύτάρ
976 1128 1043 1199 ὑπὸ
1062 1131 1155 1217 χθιύν

191 1237 390 1325 σμερδαλέον
411 1238 566 1321 κονάβιζε
589 1238 703 1302 ποδῶν
725 1233 830 1301 αὐτῶν
850 1261 886 1302 τε
907 1235 964 1301 καί
988 1236 1112 1300 ἵππων.

191 1334 288 1404 έσταν
311 1335 341 1404 δ’
366 1337 399 1404 έν
421 1338 557 1421 λειμῶνι
579 1333 795 1423 Σκαμανδρίῳ
819 1333 1016 1420 ἀνθεμόεντι

191 1437 318 1525 μυρίοι,
342 1435 426 1504 όσσα
448 1463 484 1503 τε
505 1436 612 1528 φύλλα
634 1437 690 1503 καί
713 1433 819 1504 ἀνθεα
841 1435 987 1504 τίτνεται
1009 1436 1087 1524 ῶρη.

139 1569 180 1610 ιιι
236 1541 312 1618 τούς
335 1535 377 1620 δ),
401 1538 445 1618 ῶς
466 1536 497 1604 τ’
521 1537 664 1606 αἰπόλια
686 1537 801 1606 πλατέ>
826 1537 926 1605 αἰτῶν
948 1536 1087 1605 αἰπόλοι
1111 1532 1226 1622 ἀνδρες

193 1644 266 1727 ῥεῖα
288 1638 512 1728 διακρίνωσιν,
536 1637 613 1707 έπεί
635 1665 671 1706 κε
692 1649 783 1728 νομῷ
804 1639 979 1724 μιτέωσιν,

193 1732 237 1819 ὦς
258 1743 335 1819 τοῦς
356 1739 510 1829 ήτεμόνες
533 1739 724 1823 διεκόσμεον
746 1738 829 1807 ἔνθα
851 1742 907 1806 καί
930 1736 1016 1807 ἔνθα

192 1838 361 1933 ύσμίνηνδ’
387 1841 485 1922 ἱέναι,
508 1842 592 1928 μετὰ
615 1841 653 1908 δὲ
675 1840 790 1930 κρείων
811 1837 1039 1924 Ἀταμέμνων,

192 1941 325 2029 όμματα
346 1944 403 2010 καί
424 1945 567 2035 κεφαλήν
589 1941 698 2022 ἴκελος
720 1945 782 2010 Διί
803 1941 1062 2029 τερπικεραύνῳ,

191 2042 284 2137 ’Άρει
307 2045 344 2114 δέ
367 2046 479 2136 ζῶνην,
503 2045 629 2133 στέρνον
652 2045 688 2112 δέ
709 2043 930 2112 Ποσειδάωνι.

139 2170 180 2210 εει
236 2146 354 2215 ἔσπετε
375 2150 428 2214 νῦν
448 2175 524 2232 μοι,
546 2150 670 2231 μοῦσαι
688 2143 855 2230 Ὀλύμπια
879 2139 1002 2227 δῶματ)
1025 2140 1173 2224 ἔχουσαι,

194 2246 303 2334 (ὑμεῖς
323 2252 386 2335 τάρ
409 2248 491 2316 θεαί
513 2249 587 2316 ε’στε
608 2249 755 2335 πάρεστέ
776 2273 813 2314 τε
833 2244 927 2314 νίστε
948 2270 984 2311 τε
1006 2244 1131 2326 πάντα,

192 2347 286 2439 ἡμεῖς
309 2350 346 2415 δέ
368 2351 461 2426 κλέος
484 2344 553 2416 οίον
577 2346 750 2431 ἀκούομεν,
775 2347 852 2415 ούδέ
874 2376 908 2415 τι
929 2347 1061 2431 είδμεν)

194 2453 335 2528 οἵτινες
355 2446 512 2535 ήτεμόνες
535 2449 674 2514 Δαναῶν
695 2450 753 2511 καὶ
775 2446 924 2535 κοίρανοι
945 2441 1037 2535 ήσαν.

193 2551 327 2639 πληθύν
349 2545 379 2614 δ’
405 2544 462 2615 οῦκ
484 2543 524 2613 ἀν
546 2546 608 2614 έτῶ
629 2546 827 2636 μυθήσομαι
850 2544 920 2614 ου’δ)
945 2544 1105 2636 ὀνομήνω,

195 2647 266 2719 οὐδ’
290 2647 325 2717 εἴ
342 2676 402 2734 μοι
426 2649 505 2717 δέκα
526 2648 586 2733 μὲν
606 2649 754 2717 τλῶσσαι
777 2650 858 2718 δέκα
882 2648 918 2716 δέ
941 2647 1080 2733 στόματ’
1103 2643 1181 2730 εἷεν,

141 2791 181 2828 490
195 2753 286 2842 φωνή
311 2748 343 2817 δ’
367 2748 540 2839 άρρηκτος,
562 2749 696 2831 χάλκεον
719 2752 755 2819 δέ
775 2778 834 2837 μοι
856 2744 936 2841 ήτορ
958 2749 1053 2841 ἐνείη.

141 2878 181 2915 ωε
238 2855 396 2920 Βοιωτῶν
416 2853 475 2936 μὲν
496 2852 666 2940 Πηνέλεως
687 2854 744 2920 καὶ
766 2854 897 2942 Λήιτος
917 2848 1016 2942 ήρχον

197 2952 410 3043 Ἀρκεσίλαός
431 2978 467 3019 τε
488 2955 694 3042 Προθοήνωρ
715 2980 752 3021 τε
774 2953 915 3034 Κλονίος
936 2980 985 3034 τε,

300 3083 354 3088 -...-
365 3083 382 3087 .-
416 3083 428 3087 .-
443 3082 493 3089 ..-.-

228 3134 277 3183 455
295 3127 359 3198 ἠύτε
372 3135 428 3207 πῦρ
442 3131 575 3203 ἀρίδηλον
587 3138 734 3207 ἐπιῳλίνει
747 3130 874 3188 άσπετον
886 3129 951 3200 ὕλην

296 3215 393 3283 ούρεος
404 3219 434 3274 ἐν
446 3225 580 3294 κορυφῇς,
594 3225 714 3278 τίκαθεν
726 3223 761 3277 δέ
770 3240 798 3274 τε
811 3225 937 3292 (μαίνεται
952 3213 1035 3286 αὐτή,

296 3291 333 3360 ῶς
344 3305 400 3355 τῶν
412 3290 641 3375 ίρχομίνωνάπὸ
652 3311 759 3378 χαλκοῦ
771 3312 940 3360 θεσπεσίοιο

296 3389 376 3452 αἴν’λη
390 3387 589 3458 παμφανόωσα
603 3390 643 3441 δι’
658 3395 773 3462 αἰθέρος
785 3389 905 3458 οὐρανὸν
916 3386 984 3444 ἷκεν.

231 3473 280 3521 469
298 3467 361 3538 ήύτε
373 3470 484 3543 μυιάων
496 3470 622 3524 ἁδινάων
633 3476 735 3526 είθνεα
748 3472 839 3526 πολλά
847 3517 853 3538 ,

298 3559 329 3607 αἵ
337 3575 364 3609 τε
377 3555 444 3610 κατά
459 3556 590 3628 σταθμὸν
602 3554 757 3626 ποιμνήιον
770 3555 944 3624 ἠλάσκουσιν

298 3638 354 3714 ῶρη
368 3644 399 3696 ἐν
409 3644 534 3714 εειαρινή
541 3684 546 3705 ,
561 3637 606 3694 ὅτε
621 3660 647 3694 τε
659 3639 763 3701 πλάνος
776 3638 865 3695 ι’ίττεα
879 3640 965 3700 δεύει,

298 3725 399 3780 τόσσοι
411 3727 459 3781 ἐπὶ
473 3725 599 3798 Τρώεσσι
614 3722 684 3797 κάρη
697 3727 854 3800 κομόωντες
868 3722 978 3796 Ἀχαιοί

298 3814 328 3866 ἐν
340 3814 430 3880 πεδίῳ
444 3816 570 3875 ἵσταντο,
584 3813 744 3883 διαρραῖσαι
758 3814 911 3884 μεμαῶτες.

231 3901 280 3949 480
297 3894 361 3964 ήύτε
373 3899 438 3965 βοῦς
451 3896 568 3968 ἀτέληῳι
583 3896 649 3968 μέτ’
665 3896 759 3969 ἔξοχος
770 3900 869 3953 ἔπλετο
883 3893 997 3952 πάντων

296 3984 394 4054 ταῦρος
407 3977 435 4045 (ὃ
453 3979 508 4052 τάρ
520 3999 548 4033 τε
560 3977 656 4048 βόεσσι
670 3987 846 4054 μεταπρέπει
859 3978 1078 4055 άτρομένησιν),

297 4073 375 4120 τοῖον
387 4063 434 4138 ἀρ’
450 4063 591 4136 Ἀτρείδην
604 4066 671 4130 θῆκε
685 4067 753 4127 Ζεὺς
764 4067 848 4140 ἤματι
862 4071 955 4137 κείνῳ,

297 4149 431 4224 ἐκπρεπέ’
445 4152 475 4205 ἐν
488 4152 618 4202 πολλοῖσι
633 4152 677 4201 καὶ
692 4149 789 4223 ἔξοχον
801 4151 947 4224 ἡρώεσσιν.

230 4239 277 4288 491
299 4240 323 4289 εἰ
334 4234 372 4307 μὴ
385 4232 572 4307 Ὀλυμπιάδες
582 4237 700 4305 μοῦσαι,
714 4237 784 4296 Διὸς
796 4234 940 4306 αίτιόχοιο

297 4323 456 4392 θυτατέρες,
469 4319 628 4390 μνησαίαθ’
644 4314 710 4371 ὅσοι
723 4317 780 4376 ὑπὸ
794 4322 889 4376 Πλιον
900 4315 997 4389 ἦλθον.

299 4403 403 4476 ἀρχοὺς
415 4398 449 4458 αὖ
461 4410 536 4500 νηῶν
546 4407 632 4479 νερέω
644 4401 713 4470 νῆάς
724 4424 752 4460 τε
766 4403 928 4475 προπάσας.
