2872 5016
187 274 229 339 18
598 273 621 319 1.
659 266 881 320 ιΛιεΔοεε

186 424 352 510 χωόμενον
373 424 457 490 κατά
479 425 589 509 θυμδν
610 423 766 505 ἐυζώνοιο
787 418 955 501 ευναικός,

133 551 173 590 αι
186 526 245 616 τήν
266 533 308 614 ῥα
328 524 386 616 βίη
410 523 584 605 άεέκονιος
605 521 770 615 άπηόριον.
814 519 918 609 αύτδρ
937 518 1112 599 Ὀδυσσεύς

188 627 222 707 ές
244 627 377 717 Χρύσην
399 629 507 694 ἵκανεν
530 623 617 713 δίχουν
639 624 727 716 ῖερήν
747 624 940 713 ἑκατόμβην.

189 725 224 798 όί
244 724 275 795 δ’
299 725 355 796 ὅτε
377 728 417 818 δή
440 727 568 814 λιμένος
591 727 815 814 πολυβενθέος
836 723 925 804 έντδς
946 727 1071 806 ἵκοντο,

188 828 280 898 ἱστία
300 830 359 915 μὲν
381 828 564 915 στείλαντο,
587 830 693 899 θέσαν
715 827 744 897 δ’
769 829 802 897 έν
824 827 877 918 νηί
898 825 1049 916 μελαίνῃ,

188 929 279 1001 ίστδν
302 930 333 998 δ’
358 927 512 1022 ἱστοδόκῃ
536 932 684 1000 πέλασαν
705 930 918 1020 προτόνοισιν
941 928 1077 1020 ὑφέντες

135 1058 174 1100 ιοο
187 1031 417 1122 καρπαλίμως,
439 1034 498 1123 τήν
520 1031 553 1100 δ’
575 1032 624 1115 είς
646 1033 746 1123 ὅρμον
768 1032 968 1123 προέρεσσαν
989 1031 1142 1121 ἐρετμοῖς.

188 1135 225 1203 ἐκ
248 1133 277 1203 δ’
301 1131 394 1215 εύνδς
416 1132 548 1221 έβαλον,
571 1139 656 1203 κατὰ
678 1137 715 1204 δέ
737 1130 915 1223 πρυμνήσι’
937 1131 1076 1222 ἔδησαν·

189 1237 225 1302 ἐκ
248 1236 365 1304 δὲκαὶ
388 1233 483 1304 αὐτοὶ
505 1242 619 1323 βαῖνον
640 1237 699 1304 ἐπὶ
722 1243 853 1326 ρηιμῖνι
876 1235 1063 1325 θαλάσσης,

189 1338 226 1405 ἐκ
249 1335 282 1405 δ’
304 1336 491 1426 ἑκατόμβην
512 1345 618 1427 βῆσαν
640 1336 787 1428 ἑκηβόλῳ
799 1336 1004 1406 Ἀπόλλωνι·

190 1440 226 1506 ἐκ
249 1440 287 1507 δὲ
309 1439 457 1528 Χρυσηίς
478 1440 555 1528 νηδς
575 1442 620 1529 βῆ
641 1438 877 1529 ποντοπόροιο.

135 1567 175 1605 αο
189 1542 248 1630 τήν
269 1540 329 1625 μὲν
351 1537 456 1608 ἔπειτ’
480 1540 540 1609 ἐπὶ
561 1542 675 1628 βωμδν
696 1539 784 1610 δἐων
806 1542 990 1631 πολύμητις
1008 1538 1182 1620 Ὀδυσσεύς

189 1643 294 1730 πατρί
315 1641 405 1733 φίλῳ
428 1641 463 1710 ἐν
483 1643 576 1729 χερσὶ
596 1642 692 1734 τίθη,
717 1643 774 1711 καί
794 1670 852 1729 μιν
873 1641 1094 1734 προσένειπεν

184 1737 239 1811 “ιύ
261 1744 391 1834 Χρύση,
415 1744 482 1833 πρό
503 1743 540 1830 μ’
563 1743 697 1832 έπεμψε
718 1746 823 1827 νάναξ
843 1742 968 1836 α’νδρῶν
987 1741 1200 1828 Ἀιαμέμνων

189 1846 298 1914 παῖδά
319 1872 356 1913 τε
377 1845 433 1914 σοὶ
456 1843 587 1931 άεέμεν,
612 1847 728 1937 Φοίβην
751 1846 791 1916 θ’
814 1845 900 1938 ῖερήν
920 1845 1106 1936 ἑκατόμβην

190 1951 283 2040 ῥέξαι
304 1947 387 2039 ὑπὲρ
409 1951 565 2033 Δαναῶν,
589 1947 668 2043 ὄφρ’
692 1947 903 2036 ἱλασόμεσθα
923 1948 1086 2030 νάνακτα,

136 2078 176 2119 σε
191 2045 229 2132 ὃς
250 2048 498 2140 νῦνἍρνείοισι
520 2053 708 2122 πολύστονα
730 2051 822 2143 κήδε’
847 2047 996 2143 ἔφη’κεν.”

231 2144 281 2234 ὦς.
300 2154 427 2222 εειπιδν
448 2154 482 2224 ἐν
502 2155 595 2244 χερσὶ
616 2153 711 2245 τίθη,
735 2151 754 2223 δ
779 2155 816 2222 δέ
840 2153 959 2235 δέξατο
973 2150 1095 2240 χαίρων

190 2258 297 2323 παῖδα
319 2255 426 2347 φίλην.
471 2259 526 2326 τοί
549 2255 581 2324 δ’
605 2250 675 2325 ὦκα
696 2261 770 2346 θεηῖ
793 2253 879 2346 ἱερήν
900 2253 1084 2343 ἑκατόμβην

189 2354 295 2446 ἑξείης
317 2354 458 2445 ἔστησαν
479 2357 640 2446 ἐύδμητον
662 2360 740 2444 περὶ
762 2358 887 2442 βωμόν,

103 2455 104 2460 ’
189 2456 387 2547 χερνίψαντο
411 2460 431 2523 δ
438 2455 447 2480 ’
471 2455 590 2525 ἔπειτα
613 2458 670 2524 καὶ
693 2454 872 2541 οὐλοχύτας
893 2453 1052 2524 ἀνέλοντο.

138 2586 177 2624 ιεο
190 2564 296 2628 τοῖσιν
318 2557 357 2625 δέ
378 2559 512 2650 Χρύσης
532 2557 650 2644 μετάλ’
672 2555 797 2641 εύχετο,
820 2563 930 2645 χεῖρας
952 2554 1108 2640 άνασχιόν.

187 2658 315 2729 ί(κλῦθί
335 2687 410 2746 μευ,
435 2658 635 2750 άρτυρότοξ,
659 2656 695 2741 ὃς
719 2659 850 2750 Χρύσην
872 2657 1106 2751 ἀμφιβέβηκας

191 2761 317 2830 Κίλλαν
337 2788 373 2830 τε
396 2761 533 2852 ζαθέην,
562 2762 715 2831 Τενέδοιό
738 2789 774 2830 τε
794 2767 872 2854 εῖφι
893 2761 1078 2841 νανάσσεις.

190 2861 270 2953 ήμέν
292 2863 335 2953 δή
358 2861 435 2932 ποτ’
457 2865 535 2950 ἐμεῦ
556 2865 665 2952 πάρος
686 2863 795 2946 ἔκλυες
817 2862 1020 2949 εὐξαμένοιο,

190 2963 332 3056 τίμησας
351 2967 411 3052 μέν
432 2966 503 3052 έμέ,
525 2968 609 3053 μέτα
631 2965 663 3035 δ’
686 2965 774 3056 ’ίψαο
795 2969 876 3035 λαδν
898 2964 1056 3050 Ἀχαιῶν·

138 3099 178 3140 σε
192 3063 247 3157 ἠδ’
272 3065 323 3135 ἔτι
345 3070 403 3137 καί
423 3076 479 3137 νῦν
499 3097 559 3155 μοι
581 3068 655 3138 τόδ’
677 3069 874 3159 ἐπικρήηνον
895 3068 1053 3157 ἐνέλδωρ·

191 3167 254 3260 ήδη
277 3178 332 3238 νῦν
353 3179 538 3241 Δαναοῖσιν
560 3171 695 3241 άεεικέα
717 3173 829 3241 λοιτδν
852 3166 1001 3257 δίμυνον.”

233 3266 278 3353 ὥς
299 3271 395 3363 ἔφατ’
419 3273 602 3360 εὐχόμενος,
626 3279 684 3345 τοῦ
707 3274 744 3344 δὲ
766 3275 841 3343 κλύε
864 3280 989 3361 Φοῖβος
1008 3269 1189 3340 Ἀπόλλων.

193 3371 296 3461 αὐτὰρ
318 3375 395 3441 ἐπεί
417 3375 448 3463 ῥ’
471 3375 602 3457 εύξαντο
625 3377 682 3442 καί
705 3374 879 3458 ούλοχύτας
901 3375 1120 3465 προβάλοντο,

193 3472 353 3563 οῖεέρυσαν
373 3477 433 3561 μὲν
454 3485 572 3563 πρῶτα
595 3476 651 3542 καὶ
673 3475 818 3564 ἔσφαξαν
839 3478 897 3543 καὶ
920 3474 1066 3563 ἔδειραν,

139 3606 178 3645 ιιι
191 3575 313 3667 μηρούς
333 3574 362 3644 τ’
387 3576 540 3662 ἐξέταμον
561 3577 644 3644 κατά
666 3602 703 3642 τε
725 3575 818 3666 κνίση
841 3577 1012 3668 ἐκάλυψαν

193 3677 337 3763 δίπτυχα
359 3679 574 3769 ποιήσαντες,
598 3675 655 3746 ἐκ)
679 3675 785 3746 αὐτῶν
807 3675 837 3745 δ’
862 3674 1090 3769 ὠμοθέτησαν.

192 3786 264 3847 καῖε
287 3778 319 3847 δ’
341 3780 401 3849 ε’πί
423 3778 536 3873 σχίζης
558 3782 576 3850 δ
597 3781 713 3870 κέρων,
735 3781 795 3848 ἐπὶ
818 3777 849 3847 δ’
873 3777 1010 3849 αἴθοπα
1030 3786 1137 3849 εοῖνον

191 3884 294 3968 λεῖβε·
316 3885 386 3951 νέοι
408 3884 445 3951 δὲ
467 3882 550 3973 παρ)
574 3881 671 3951 αύτδν
693 3881 765 3965 ἔχον
787 3882 1001 3969 πεμπώβολα
1021 3881 1137 3973 χερσίν.

193 3982 294 4074 αὐτὰρ
317 3985 394 4054 ἐπεὶ
416 3988 501 4053 κατὰ
522 3988 610 4076 μῆρα
632 3986 695 4075 κάη
719 3986 776 4053 καί
798 3984 969 4067 σπλάνχνα
991 3984 1155 4064 πάσαντο,

139 4116 179 4155 τευ
192 4086 367 4172 μίστυλλόν
388 4085 418 4155 τ’
443 4084 506 4178 άρα
527 4081 631 4155 τάλλα
653 4087 710 4154 καί
733 4084 818 4179 άμφ)
841 4084 1007 4173 ὀβελοῖσιν
1028 4082 1181 4173 ἔπειραν,

194 4185 352 4278 σ’ίπτησάν
372 4217 409 4258 τε
430 4189 676 4282 περιφραδέως,
697 4189 878 4279 εερύσαντό
898 4214 935 4257 τε
956 4188 1074 4257 πάντα.

194 4288 295 4380 αὐτάρ
318 4291 395 4359 ἐπεὶ
415 4292 585 4360 παύσαντο
607 4289 710 4360 πόνου
732 4289 905 4360 τετύκοντό
924 4317 961 4358 τε
983 4293 1096 4373 δαῖτα,

193 4389 345 4475 δαίνυντ’,
370 4391 446 4463 οὐδέ
464 4420 499 4464 τι
521 4395 632 4480 θυμός
652 4393 783 4463 ἐδεύετο
804 4394 921 4475 δαιτδς
941 4393 1064 4490 έείσης.
