2872 5016
196 271 237 334 14
602 273 624 318 ι.
662 267 883 319 mmmm

193 422 313 513 φηρσὶν
336 419 546 512 ὀρεσκῴοισι,
568 423 626 489 καὶ
648 421 821 500 ε’κπάνλως
844 419 1041 490 ἀπόλεσσαν.

192 527 250 590 καί
271 526 334 613 μήν
354 530 461 591 τοῖσιν
483 523 546 590 ἐτιό
566 521 766 608 μεθομίλεον
787 522 823 590 ἐκ
846 522 956 590 Πύλον
978 522 1101 605 ἐλθών,

140 647 179 687 ιιο
192 624 332 712 τηλόθεν
354 624 390 704 ἐξ
411 621 513 714 ἀπίης
534 622 629 713 ταίης
652 623 848 706 (καλέσαντο
869 626 932 712 τάρ
955 622 1080 707 αύτοί),

192 727 250 793 καί
271 726 421 814 μαχόμην
442 722 513 791 κατ’
537 723 589 810 έμ)
614 724 712 792 αὐτόν
733 726 811 794 ἐκώ·
834 725 973 794 κείνοισι
997 725 1030 795 δ’
1052 723 1093 795 ἀν
1115 725 1153 796 ού
1174 755 1227 807 τις

192 829 257 895 τῶν
279 823 315 895 οἳ
333 830 387 894 νῦν
407 826 524 914 βροτοί
546 826 631 895 εἰσιν
652 827 848 913 ἐπιχθόνιοι
870 828 1037 913 μαχέοιτο.

192 929 250 996 καί
271 929 335 1018 μήν
355 954 414 1014 μευ
436 929 582 1015 βουλέων
604 930 708 1012 ξύνιεν
729 928 893 999 πείθοντό
913 956 950 997 τε
970 930 1080 1020 μύθῳ.

192 1028 276 1098 ἀλλά
299 1030 451 1100 πίθεσθε
472 1031 530 1098 καί
552 1029 662 1117 ύμμες,
685 1031 761 1098 ἐπεί
783 1030 974 1100 πείθεσθαι
997 1029 1139 1117 άμεινον.

140 1156 179 1196 ιττ
192 1133 273 1222 μήτε
294 1136 334 1200 σύ
355 1131 445 1202 τόνδ’
467 1131 598 1212 ἀταθδς
621 1159 684 1222 περ
705 1132 767 1200 ἑών
789 1129 953 1219 ἀποαίρεο
974 1133 1105 1223 κούρην,

192 1231 259 1301 ἀλλ’
282 1231 321 1301 ἔα
342 1234 386 1315 δίς
406 1261 461 1304 τοι
483 1237 601 1322 πρῶτα
624 1233 726 1301 δόσαν
746 1232 843 1322 τέρας
864 1225 932 1313 υἷες
953 1230 1111 1317 Ἀχαιῶν·

192 1336 274 1426 μήτε
296 1338 335 1403 σύ
357 1336 508 1426 Πηλεΐδη
532 1333 620 1403 ἔθελ’
642 1333 825 1424 ἐριζέμεναι
846 1338 984 1422 βασιλῆι

193 1435 359 1527 ἀντιβίην,
381 1437 458 1505 ἐπεὶ
480 1434 518 1504 ού
540 1434 628 1505 ποθ’
651 1435 767 1526 ὁμοίης
788 1435 909 1527 ἔμμορε
929 1440 1028 1527 τιμῆς

192 1541 395 1628 σκηπτοῦχος
416 1537 583 1624 βασιλεύς,
608 1533 635 1627 ηί
657 1564 693 1606 τε
715 1540 798 1618 Ζεύς
819 1541 917 1618 κῦδος
939 1535 1087 1605 ἓδωκεν.”

138 1668 177 1708 εει
235 1637 346 1708 τόνδ’
370 1637 639 1727 ἀπαμειβόμενος
661 1640 813 1731 προσέφη
836 1638 952 1729 κρείων
972 1635 1186 1726 Ἀταμέμνων

187 1739 267 1807 “vai
291 1742 330 1830 δή
352 1741 457 1809 ταῦτά
478 1768 516 1809 τε
538 1741 655 1822 πάντα,
678 1741 784 1829 τέρον,
809 1743 893 1809 κατὰ
913 1748 1033 1828 μοῖραν
1054 1739 1194 1824 ἔνειπες.

191 1838 267 1908 ἀλλ’
289 1838 339 1909 ὅδ’
364 1842 442 1934 ἀνήρ
464 1843 576 1912 ἐθέλει
598 1843 677 1930 περὶ
699 1843 831 1911 πάντων
852 1841 987 1929 ἔμμεναι
1012 1840 1131 1925 ἀλλων,

192 1943 323 2011 πόντιον
343 1945 402 2030 μὲν
423 1945 573 2034 κρατέειν
595 1944 719 2026 ἐθέλει,
744 1948 849 2014 πᾶσιν
871 1945 908 2012 δὲ
930 1945 1118 2026 τανάσσειν,

192 2053 279 2112 πᾶσι
302 2046 340 2113 δὲ
361 2045 544 2137 σημαίνειν,
567 2045 591 2115 ά
611 2045 675 2114 τιν’
699 2045 736 2116 ού
759 2046 943 2115 πείσεσθαι
966 2044 1038 2115 όίω.

137 2181 178 2220 290
193 2144 223 2214 εἰ
246 2147 284 2215 δέ
302 2174 361 2233 μιν
383 2146 542 2240 αἰχμητήν
563 2146 686 2217 ἔθεσαν
707 2152 783 2217 θεοὶ
807 2147 879 2216 αἰὲν
900 2147 1021 2229 ἐόντες,

189 2247 323 2316 τούνεκά
344 2275 399 2317 τοι
421 2250 614 2339 προθέωσιν
637 2247 764 2319 ὀνείδεα
785 2247 1047 2339 μνθήσασθαι;”

230 2352 286 2419 τόν
309 2348 339 2418 δ’
361 2349 412 2436 ἀρ’
436 2342 625 2439 ὑποβλήδην
646 2350 801 2439 ήμείβετο
824 2355 895 2432 δῖος
917 2348 1084 2434 Ἀχιλλεύς

188 2444 237 2540 “ή
258 2451 320 2539 τάρ
342 2477 396 2519 κεν
419 2453 528 2532 δειλός
549 2478 585 2519 τε
607 2453 663 2520 καί
686 2449 860 2531 οότιδανός
881 2452 1067 2543 καλεοίμην,

190 2549 220 2619 εί
242 2554 283 2639 δή
306 2554 360 2620 σοὶ
383 2556 452 2619 πᾶν
472 2551 588 2642 εέρτον
609 2551 804 2639 ὑπείξομαι,
828 2551 900 2622 όττι
923 2581 959 2622 κε
980 2555 1109 2646 τείπης.

137 2682 176 2723 τοι
192 2649 342 2723 ἀλλοισιν
364 2656 406 2743 δή
428 2653 519 2722 ταῦτ’
543 2656 728 2725 ἐπιτέλλεο·
749 2658 795 2744 μή
817 2657 879 2743 τάρ
901 2656 976 2742 ἐμοί
997 2683 1042 2725 τε.

192 2750 271 2822 ἀλλο
294 2755 331 2823 δέ
350 2781 403 2823 τοι
423 2757 536 2845 εερέω,
560 2759 599 2825 σύ
622 2756 654 2825 δ’
678 2758 726 2827 ἐνί
748 2760 845 2849 φρεσί
868 2759 987 2845 βάλλεο
1011 2767 1115 2849 σῇσιν.

190 2856 282 2944 χερσὶ
303 2857 363 2941 μὲν
386 2854 424 2924 ού
445 2884 498 2926 τοι
521 2859 643 2928 ἐνιότε
664 2859 855 2949 μαχήσομαι
878 2865 985 2930 εἵνεκα
1007 2862 1138 2953 κούρης,

191 2954 264 3026 ούτε
286 2958 341 3025 σοί
363 2956 437 3027 σίτε
458 2986 505 3050 την
529 2956 630 3050 ἀλλην,
654 2960 730 3029 ε’πεί
750 2960 785 3045 μ’
809 2960 978 3054 ἀφέλεσθέ
999 2990 1036 3030 τε
1059 2964 1185 3044 δόντες·

139 3085 178 3126 τοο
191 3062 258 3128 τῶν
280 3057 312 3127 δ’
333 3056 439 3128 ἀλλων
462 3060 485 3129 ά
505 3090 564 3149 μοι
587 3061 660 3132 ἔστι
681 3066 749 3154 θοῇ
771 3065 863 3155 παρά
885 3064 938 3154 νηὶ
958 3063 1111 3156 μελαίνη,

189 3165 254 3230 τῶν
275 3160 332 3231 ούκ
356 3161 395 3231 άν
415 3191 451 3232 τι
472 3165 586 3257 φέροις
607 3164 726 3236 ἀνελών
748 3163 922 3247 ἀεέκοντος
943 3167 1043 3253 ἐμεῖο.

191 3264 221 3335 εί
243 3264 275 3333 δ’
299 3263 358 3334 ἀπε
379 3266 455 3356 μήν,
479 3267 653 3359 πείρησαι,
676 3273 731 3338 ἵνα
751 3268 884 3337 τνοίωσι
906 3269 965 3336 καί
988 3271 1074 3338 οἵδε·

192 3362 281 3454 αἶψά
303 3393 358 3434 τοι
380 3362 463 3451 αἷμα
485 3372 633 3437 κελαινόν
654 3371 793 3459 ἐρωήσει
816 3373 894 3457 περὶ
917 3369 1037 3463 δοαρί.”

233 3460 277 3546 ὦς
298 3466 346 3533 τιό
367 3465 400 3532 τ’
423 3465 606 3552 ἀντιβίοισι
627 3470 844 3558 μαχησαμένω
865 3472 1043 3539 τεπέεσσιν

136 3594 176 3634 τοι
190 3565 363 3657 ἀνστήτην,
386 3571 486 3637 λῦσαν
508 3567 538 3637 δ’
563 3566 685 3659 ἀτορήν
707 3574 799 3661 παρά
821 3574 932 3660 νηυσίν
952 3572 1103 3654 Ἀχαιῶν.

188 3673 356 3761 Πηλεΐδης
376 3671 436 3757 μέν
457 3671 515 3739 ἐπὶ
538 3672 667 3753 κλισίας
689 3674 746 3740 καὶ
768 3675 847 3761 νήας
868 3671 981 3752 ἒείσας

189 3769 242 3862 ἤιε
264 3774 321 3840 σύν
343 3800 379 3840 τε
401 3773 610 3866 Μενοιτιάδη
633 3775 689 3842 καὶ
712 3781 783 3855 τοῖς
804 3772 985 3861 ἑτάροισιν,

189 3870 359 3964 Ἀτρείδης
382 3872 412 3941 δ’
435 3871 498 3963 ἀρα
521 3877 581 3964 νήα
603 3878 687 3965 θοήν
709 3876 811 3944 ἅλαδε
834 3875 1067 3966 προεέροοσεν,

223 4052 272 4103 280
291 4053 315 4103 ελ
328 4051 358 4104 δὲ
372 4049 405 4103 σὺ
416 4051 547 4121 καρτερός
560 4053 633 4114 ίσσι,
645 4052 698 4105 θεὰ
713 4053 747 4106 δέ
758 4070 788 4107 σι
802 4059 913 4108 τείνατο
926 4051 1029 4127 μήτηρ,

291 4129 347 4185 ἀλλ’
362 4128 411 4184 ὅδε
424 4132 559 4204 φέρτερός
570 4133 658 4196 ἐστιν,
673 4135 732 4187 ἐπεὶ
747 4133 896 4189 πλεόνεσσι
909 4133 1055 4190 τανύσσει.

292 4212 427 4285 Ἀτρείδη,
443 4212 477 4267 σίν
491 4214 520 4266 δὲ
534 4216 605 4267 παῦε
618 4215 682 4270 τεὸν
692 4219 790 4287 μένος·
805 4213 895 4286 αὐτὰρ
908 4214 962 4269 ἔνιά
975 4235 1007 4269 τε

288 4293 405 4364 λίσσομ’
418 4293 538 4364 Ἀχιλλῆι
549 4301 676 4368 μεθέμεν
683 4298 785 4367 χόλον,
799 4294 829 4356 ὃς
840 4301 914 4368 μέσα
927 4299 1017 4352 πᾶσιν

288 4373 367 4447 ἕρκος
377 4373 532 4444 Ἀχαιοῖσιν
544 4380 657 4431 πέλεται
669 4381 806 4450 πολέμοιο
819 4385 927 4432 κακοῖο,

223 4454 272 4507 296
290 4451 418 4525 σήμαιν’·
434 4455 466 4510 οὐ
478 4456 533 4531 τδρ
546 4456 600 4514 ἐκώ
613 4457 642 4511 τ’
657 4459 697 4512 ἔτι
710 4464 756 4513 σοὶ
767 4466 919 4515 πείσεσθαι
929 4459 989 4514 ὀίω.
