<?xml version="1.0" encoding="UTF-8"?>
<!DOCTYPE html PUBLIC "-//W3C//DTD XHTML 1.0 Transitional//EN"
    "http://www.w3.org/TR/xhtml1/DTD/xhtml1-transitional.dtd">
<html xmlns="http://www.w3.org/1999/xhtml" xml:lang="en" lang="en">
 <head>
  <title>
</title>
<meta http-equiv="Content-Type" content="text/html;charset=utf-8" />
  <meta name='ocr-system' content='tesseract 3.04.00' />
  <meta name='ocr-capabilities' content='ocr_page ocr_carea ocr_par ocr_line ocrx_word'/>
</head>
<body>
  <div class='ocr_page' id='page_1' title='image "./carminahomerica00homegoog_0221.png"; bbox 0 0 2872 5016; ppageno 0'>
   <div class='ocr_carea' id='block_1_1' title="bbox 220 261 917 338">
    <p class='ocr_par' dir='ltr' id='par_1_1' title="bbox 220 261 917 338">
     <span class='ocr_line' id='line_1_1' title="bbox 220 261 917 338; baseline -0.007 -15"><span class='ocrx_word' id='word_1_1' title='bbox 220 270 286 338; x_wconf 68' lang='grc' dir='ltr'><strong><em>χορ</em></strong></span> <span class='ocrx_word' id='word_1_2' title='bbox 623 268 664 321; x_wconf 79' lang='grc' dir='ltr'><strong><em>ιι.</em></strong></span> <span class='ocrx_word' id='word_1_3' title='bbox 695 261 917 320; x_wconf 68' lang='lat' dir='ltr'><strong><em>mmm</em></strong></span> 
     </span>
    </p>
   </div>
   <div class='ocr_carea' id='block_1_2' title="bbox 164 417 1235 2545">
    <p class='ocr_par' dir='ltr' id='par_1_2' title="bbox 164 417 1235 2545">
     <span class='ocr_line' id='line_1_2' title="bbox 220 417 1031 517; baseline -0.007 -22"><span class='ocrx_word' id='word_1_4' title='bbox 220 429 331 516; x_wconf 76' lang='grc' dir='ltr'><strong><em>χαλκῷ</em></strong></span> <span class='ocrx_word' id='word_1_5' title='bbox 351 453 387 495; x_wconf 88' lang='grc' dir='ltr'><strong><em>τε</em></strong></span> <span class='ocrx_word' id='word_1_6' title='bbox 408 424 525 517; x_wconf 79' lang='grc' dir='ltr'><strong><em>ῥηκτὸς</em></strong></span> <span class='ocrx_word' id='word_1_7' title='bbox 544 417 718 510; x_wconf 76' lang='grc' dir='ltr'><strong><em>μετάλοισί</em></strong></span> <span class='ocrx_word' id='word_1_8' title='bbox 737 447 773 489; x_wconf 88' lang='grc' dir='ltr'><strong><em>τε</em></strong></span> <span class='ocrx_word' id='word_1_9' title='bbox 792 420 1031 512; x_wconf 79' lang='grc' dir='ltr'><strong><em>χερμαδίοισιν.</em></strong></span> 
     </span>
     <span class='ocr_line' id='line_1_3' title="bbox 222 525 887 617; baseline -0.008 -21"><span class='ocrx_word' id='word_1_10' title='bbox 222 525 293 596; x_wconf 78' lang='grc' dir='ltr'><strong><em>ούδ’</em></strong></span> <span class='ocrx_word' id='word_1_11' title='bbox 317 525 357 596; x_wconf 78' lang='grc' dir='ltr'><strong><em>ἀν</em></strong></span> <span class='ocrx_word' id='word_1_12' title='bbox 370 527 519 616; x_wconf 78' lang='grc' dir='ltr'><strong><em>Ἀχιλλήι</em></strong></span> <span class='ocrx_word' id='word_1_13' title='bbox 540 525 692 617; x_wconf 79' lang='grc' dir='ltr'><em>ῥηξήνορι</em></span> <span class='ocrx_word' id='word_1_14' title='bbox 712 525 887 614; x_wconf 81' lang='grc' dir='ltr'><em>χωρήσειεν</em></span> 
     </span>
     <span class='ocr_line' id='line_1_4' title="bbox 164 621 1125 718; baseline -0.004 -22"><span class='ocrx_word' id='word_1_15' title='bbox 164 649 203 690; x_wconf 80' lang='lat'><strong><em>³2⁵</em></strong></span> <span class='ocrx_word' id='word_1_16' title='bbox 222 625 255 696; x_wconf 73' lang='grc' dir='ltr'><strong><em>έν</em></strong></span> <span class='ocrx_word' id='word_1_17' title='bbox 276 624 309 695; x_wconf 77' lang='grc' dir='ltr'><strong><em>τ’</em></strong></span> <span class='ocrx_word' id='word_1_18' title='bbox 332 626 547 718; x_wconf 76' lang='grc' dir='ltr'><strong><em>αὐτοσταδίῃ·</em></strong></span> <span class='ocrx_word' id='word_1_19' title='bbox 570 625 655 694; x_wconf 86' lang='grc' dir='ltr'><strong><em>ποσί</em></strong></span> <span class='ocrx_word' id='word_1_20' title='bbox 677 622 709 693; x_wconf 82' lang='grc' dir='ltr'><strong><em>δ’</em></strong></span> <span class='ocrx_word' id='word_1_21' title='bbox 734 621 772 693; x_wconf 80' lang='grc' dir='ltr'><strong><em>ού</em></strong></span> <span class='ocrx_word' id='word_1_22' title='bbox 793 651 866 704; x_wconf 88' lang='grc' dir='ltr'><strong><em>πιος</em></strong></span> <span class='ocrx_word' id='word_1_23' title='bbox 888 622 977 694; x_wconf 72' lang='grc' dir='ltr'><strong><em>ἔστιν</em></strong></span> <span class='ocrx_word' id='word_1_24' title='bbox 999 623 1125 714; x_wconf 80' lang='grc' dir='ltr'><strong><em>ἐρίζειν.</em></strong></span> 
     </span>
     <span class='ocr_line' id='line_1_5' title="bbox 220 722 1201 853; baseline -0.004 -56"><span class='ocrx_word' id='word_1_25' title='bbox 220 732 297 798; x_wconf 85' lang='grc' dir='ltr'><strong><em>νῶιν</em></strong></span> <span class='ocrx_word' id='word_1_26' title='bbox 319 728 351 797; x_wconf 74' lang='grc' dir='ltr'><strong><em>δ’</em></strong></span> <span class='ocrx_word' id='word_1_27' title='bbox 375 724 434 797; x_wconf 80' lang='grc' dir='ltr'><strong><em>ὧδ’</em></strong></span> <span class='ocrx_word' id='word_1_28' title='bbox 456 727 512 797; x_wconf 78' lang='grc' dir='ltr'><strong><em>ἐπ’</em></strong></span> <span class='ocrx_word' id='word_1_29' title='bbox 535 723 679 816; x_wconf 81' lang='grc' dir='ltr'><strong><em>ἀριστέρ’</em></strong></span> <span class='ocrx_word' id='word_1_30' title='bbox 703 722 756 810; x_wconf 76' lang='grc' dir='ltr'><strong><em>έχε</em></strong></span> <span class='ocrx_word' id='word_1_31' title='bbox 778 729 926 853; x_wconf 82' lang='grc' dir='ltr'><strong><em>στρατοῦ,</em></strong></span> <span class='ocrx_word' id='word_1_32' title='bbox 948 724 1047 852; x_wconf 79' lang='grc' dir='ltr'><strong><em>όφρα&gt;</em></strong></span> <span class='ocrx_word' id='word_1_33' title='bbox 1058 726 1201 810; x_wconf 92' lang='grc' dir='ltr'><strong><em>τάχιστα</em></strong></span> 
     </span>
     <span class='ocr_line' id='line_1_6' title="bbox 219 823 1047 922; baseline -0.004 -25"><span class='ocrx_word' id='word_1_34' title='bbox 219 829 412 917; x_wconf 71' lang='grc' dir='ltr'><strong><em>τείδομεν’</em></strong></span> <span class='ocrx_word' id='word_1_35' title='bbox 391 832 431 921; x_wconf 91' lang='grc' dir='ltr'><strong><em>ηέ</em></strong></span> <span class='ocrx_word' id='word_1_36' title='bbox 450 859 497 922; x_wconf 82' lang='grc' dir='ltr'><strong><em>τῳ</em></strong></span> <span class='ocrx_word' id='word_1_37' title='bbox 520 825 611 914; x_wconf 87' lang='grc' dir='ltr'><strong><em>εύχος</em></strong></span> <span class='ocrx_word' id='word_1_38' title='bbox 634 823 827 914; x_wconf 81' lang='grc' dir='ltr'><strong><em>ὀρέξομεν</em></strong></span> <span class='ocrx_word' id='word_1_39' title='bbox 806 828 846 917; x_wconf 91' lang='grc' dir='ltr'><strong><em>ηέ</em></strong></span> <span class='ocrx_word' id='word_1_40' title='bbox 866 854 918 908; x_wconf 89' lang='grc' dir='ltr'><strong><em>τις</em></strong></span> <span class='ocrx_word' id='word_1_41' title='bbox 938 824 1047 917; x_wconf 80' lang='grc' dir='ltr'><strong><em>ήμῖν.’&gt;</em></strong></span> 
     </span>
     <span class='ocr_line' id='line_1_7' title="bbox 262 925 1098 1058; baseline -0.006 -58"><span class='ocrx_word' id='word_1_42' title='bbox 262 925 307 1013; x_wconf 84' lang='grc' dir='ltr'><strong><em>ώς</em></strong></span> <span class='ocrx_word' id='word_1_43' title='bbox 313 933 435 1058; x_wconf 89' lang='grc' dir='ltr'><strong><em>φάτο,</em></strong></span> <span class='ocrx_word' id='word_1_44' title='bbox 435 932 623 1056; x_wconf 77' lang='grc' dir='ltr'><strong><em>Μηριόνης</em></strong></span> <span class='ocrx_word' id='word_1_45' title='bbox 645 930 683 997; x_wconf 83' lang='grc' dir='ltr'><strong><em>δὲ</em></strong></span> <span class='ocrx_word' id='word_1_46' title='bbox 704 931 780 1018; x_wconf 77' lang='grc' dir='ltr'><strong><em>θοῷ</em></strong></span> <span class='ocrx_word' id='word_1_47' title='bbox 803 926 981 1008; x_wconf 85' lang='grc' dir='ltr'><strong><em>ἀτάλαντος</em></strong></span> <span class='ocrx_word' id='word_1_48' title='bbox 999 926 1098 1020; x_wconf 80' lang='grc' dir='ltr'><strong><em>’Άρηι</em></strong></span> 
     </span>
     <span class='ocr_line' id='line_1_8' title="bbox 220 1021 1235 1124; baseline -0.004 -22"><span class='ocrx_word' id='word_1_49' title='bbox 220 1029 291 1123; x_wconf 87' lang='grc' dir='ltr'><strong><em>ήρχ</em></strong></span> <span class='ocrx_word' id='word_1_50' title='bbox 313 1032 400 1121; x_wconf 90' lang='grc' dir='ltr'><strong><em>ίμεν,</em></strong></span> <span class='ocrx_word' id='word_1_51' title='bbox 425 1030 501 1124; x_wconf 74' lang='grc' dir='ltr'><strong><em>ὄφρ’</em></strong></span> <span class='ocrx_word' id='word_1_52' title='bbox 523 1030 682 1124; x_wconf 86' lang='grc' dir='ltr'><strong><em>άφικοντο</em></strong></span> <span class='ocrx_word' id='word_1_53' title='bbox 703 1031 787 1098; x_wconf 83' lang='grc' dir='ltr'><strong><em>κατὰ</em></strong></span> <span class='ocrx_word' id='word_1_54' title='bbox 810 1031 946 1119; x_wconf 86' lang='grc' dir='ltr'><strong><em>στρατὸν</em></strong></span> <span class='ocrx_word' id='word_1_55' title='bbox 967 1021 988 1120; x_wconf 78' lang='grc' dir='ltr'><em>ᾗ</em></span> <span class='ocrx_word' id='word_1_56' title='bbox 1009 1058 1068 1116; x_wconf 90' lang='grc' dir='ltr'><strong><em>μιν</em></strong></span> <span class='ocrx_word' id='word_1_57' title='bbox 1090 1027 1235 1099; x_wconf 80' lang='grc' dir='ltr'><strong><em>άνώτειν.</em></strong></span> 
     </span>
     <span class='ocr_line' id='line_1_9' title="bbox 167 1129 1135 1223; baseline 0 -24"><span class='ocrx_word' id='word_1_58' title='bbox 167 1159 206 1200; x_wconf 80' lang='grc' dir='ltr'><strong><em>ιω</em></strong></span> <span class='ocrx_word' id='word_1_59' title='bbox 264 1131 349 1202; x_wconf 64' lang='lat' dir='ltr'><strong><em>ow</em></strong></span> <span class='ocrx_word' id='word_1_60' title='bbox 371 1133 415 1215; x_wconf 88' lang='grc' dir='ltr'><strong><em>ώς</em></strong></span> <span class='ocrx_word' id='word_1_61' title='bbox 434 1133 600 1223; x_wconf 80' lang='grc' dir='ltr'><strong><em>Ἰδομενῆα</em></strong></span> <span class='ocrx_word' id='word_1_62' title='bbox 620 1132 716 1201; x_wconf 74' lang='grc' dir='ltr'><strong><em>τίδον</em></strong></span> <span class='ocrx_word' id='word_1_63' title='bbox 737 1132 837 1223; x_wconf 77' lang='grc' dir='ltr'><strong><em>φλοτί</em></strong></span> <span class='ocrx_word' id='word_1_64' title='bbox 858 1130 1004 1199; x_wconf 74' lang='grc' dir='ltr'><strong><em>εείκελον</em></strong></span> <span class='ocrx_word' id='word_1_65' title='bbox 1026 1129 1135 1222; x_wconf 84' lang='grc' dir='ltr'><strong><em>ἀλκήν,</em></strong></span> 
     </span>
     <span class='ocr_line' id='line_1_10' title="bbox 220 1231 1077 1325; baseline -0.005 -21"><span class='ocrx_word' id='word_1_66' title='bbox 220 1234 316 1305; x_wconf 88' lang='grc' dir='ltr'><strong><em>αύτδν</em></strong></span> <span class='ocrx_word' id='word_1_67' title='bbox 336 1240 392 1305; x_wconf 82' lang='grc' dir='ltr'><strong><em>καὶ</em></strong></span> <span class='ocrx_word' id='word_1_68' title='bbox 414 1236 614 1325; x_wconf 77' lang='grc' dir='ltr'><strong><em>θεράποντα,</em></strong></span> <span class='ocrx_word' id='word_1_69' title='bbox 637 1236 694 1302; x_wconf 86' lang='grc' dir='ltr'><strong><em>σδν</em></strong></span> <span class='ocrx_word' id='word_1_70' title='bbox 715 1231 820 1301; x_wconf 83' lang='grc' dir='ltr'><strong><em>έντεσι</em></strong></span> <span class='ocrx_word' id='word_1_71' title='bbox 843 1233 1077 1314; x_wconf 81' lang='grc' dir='ltr'><strong><em>δαιδαλέοισιν,</em></strong></span> 
     </span>
     <span class='ocr_line' id='line_1_11' title="bbox 218 1331 1137 1425; baseline -0.004 -19"><span class='ocrx_word' id='word_1_72' title='bbox 218 1338 409 1424; x_wconf 84' lang='grc' dir='ltr'><strong><em>κεκλόμενοι</em></strong></span> <span class='ocrx_word' id='word_1_73' title='bbox 431 1335 512 1404; x_wconf 77' lang='grc' dir='ltr'><strong><em>καθ’</em></strong></span> <span class='ocrx_word' id='word_1_74' title='bbox 536 1334 651 1421; x_wconf 83' lang='grc' dir='ltr'><strong><em>ὅμιλον</em></strong></span> <span class='ocrx_word' id='word_1_75' title='bbox 672 1332 729 1402; x_wconf 74' lang='grc' dir='ltr'><strong><em>ἐπ’</em></strong></span> <span class='ocrx_word' id='word_1_76' title='bbox 752 1331 841 1423; x_wconf 78' lang='grc' dir='ltr'><strong><em>αύτῷ</em></strong></span> <span class='ocrx_word' id='word_1_77' title='bbox 863 1334 985 1415; x_wconf 86' lang='grc' dir='ltr'><strong><em>πάντες</em></strong></span> <span class='ocrx_word' id='word_1_78' title='bbox 1007 1332 1137 1425; x_wconf 74' lang='grc' dir='ltr'><strong><em>ἔβησαν.</em></strong></span> 
     </span>
     <span class='ocr_line' id='line_1_12' title="bbox 217 1435 1125 1527; baseline -0.001 -21"><span class='ocrx_word' id='word_1_79' title='bbox 217 1442 281 1506; x_wconf 85' lang='grc' dir='ltr'><strong><em>τῶν</em></strong></span> <span class='ocrx_word' id='word_1_80' title='bbox 303 1437 333 1506; x_wconf 78' lang='grc' dir='ltr'><strong><em>δ’</em></strong></span> <span class='ocrx_word' id='word_1_81' title='bbox 358 1435 440 1523; x_wconf 87' lang='grc' dir='ltr'><strong><em>δμδν</em></strong></span> <span class='ocrx_word' id='word_1_82' title='bbox 461 1441 576 1504; x_wconf 73' lang='grc' dir='ltr'><strong><em>ἵστατο</em></strong></span> <span class='ocrx_word' id='word_1_83' title='bbox 596 1441 699 1515; x_wconf 83' lang='grc' dir='ltr'><strong><em>νεῖκος</em></strong></span> <span class='ocrx_word' id='word_1_84' title='bbox 721 1435 779 1502; x_wconf 80' lang='grc' dir='ltr'><strong><em>ἐπὶ</em></strong></span> <span class='ocrx_word' id='word_1_85' title='bbox 802 1440 968 1527; x_wconf 76' lang='grc' dir='ltr'><strong><em>πρυμνῇσι</em></strong></span> <span class='ocrx_word' id='word_1_86' title='bbox 990 1439 1125 1505; x_wconf 85' lang='grc' dir='ltr'><strong><em>νέεσσιν.</em></strong></span> 
     </span>
     <span class='ocr_line' id='line_1_13' title="bbox 218 1533 1122 1626; baseline -0.001 -18"><span class='ocrx_word' id='word_1_87' title='bbox 218 1539 263 1621; x_wconf 85' lang='grc' dir='ltr'><strong><em>ώς</em></strong></span> <span class='ocrx_word' id='word_1_88' title='bbox 285 1539 315 1606; x_wconf 83' lang='grc' dir='ltr'><strong><em>δ’</em></strong></span> <span class='ocrx_word' id='word_1_89' title='bbox 340 1537 398 1608; x_wconf 56' lang='grc' dir='ltr'><strong><em>όθ)</em></strong></span> <span class='ocrx_word' id='word_1_90' title='bbox 420 1537 488 1607; x_wconf 87' lang='grc' dir='ltr'><strong><em>ύπδ</em></strong></span> <span class='ocrx_word' id='word_1_91' title='bbox 510 1537 628 1605; x_wconf 79' lang='grc' dir='ltr'><strong><em>λιτέων</em></strong></span> <span class='ocrx_word' id='word_1_92' title='bbox 650 1533 775 1622; x_wconf 86' lang='grc' dir='ltr'><strong><em>άνέμων</em></strong></span> <span class='ocrx_word' id='word_1_93' title='bbox 796 1541 983 1626; x_wconf 81' lang='grc' dir='ltr'><strong><em>σπέρχωσιν</em></strong></span> <span class='ocrx_word' id='word_1_94' title='bbox 1005 1536 1122 1608; x_wconf 82' lang='grc' dir='ltr'><strong><em>ἀελλαι</em></strong></span> 
     </span>
     <span class='ocr_line' id='line_1_14' title="bbox 165 1637 1119 1733; baseline 0 -23"><span class='ocrx_word' id='word_1_95' title='bbox 165 1669 205 1711; x_wconf 81' lang='grc' dir='ltr'><strong><em>ιιι</em></strong></span> <span class='ocrx_word' id='word_1_96' title='bbox 220 1639 322 1733; x_wconf 82' lang='grc' dir='ltr'><strong><em>ήματι</em></strong></span> <span class='ocrx_word' id='word_1_97' title='bbox 344 1645 391 1730; x_wconf 77' lang='grc' dir='ltr'><strong><em>τῷ</em></strong></span> <span class='ocrx_word' id='word_1_98' title='bbox 413 1640 469 1710; x_wconf 82' lang='grc' dir='ltr'><strong><em>ὅτε</em></strong></span> <span class='ocrx_word' id='word_1_99' title='bbox 490 1666 526 1707; x_wconf 90' lang='grc' dir='ltr'><strong><em>τε</em></strong></span> <span class='ocrx_word' id='word_1_100' title='bbox 547 1637 684 1729; x_wconf 76' lang='grc' dir='ltr'><strong><em>πλείστη</em></strong></span> <span class='ocrx_word' id='word_1_101' title='bbox 706 1639 798 1719; x_wconf 90' lang='grc' dir='ltr'><strong><em>κόνις</em></strong></span> <span class='ocrx_word' id='word_1_102' title='bbox 820 1637 907 1730; x_wconf 80' lang='grc' dir='ltr'><strong><em>ἀμφὶ</em></strong></span> <span class='ocrx_word' id='word_1_103' title='bbox 928 1642 1119 1724; x_wconf 89' lang='grc' dir='ltr'><strong><em>κελεύθους,</em></strong></span> 
     </span>
     <span class='ocr_line' id='line_1_15' title="bbox 220 1738 1056 1835; baseline -0.002 -23"><span class='ocrx_word' id='word_1_104' title='bbox 220 1748 255 1812; x_wconf 81' lang='grc' dir='ltr'><strong><em>οἵ</em></strong></span> <span class='ocrx_word' id='word_1_105' title='bbox 273 1743 304 1812; x_wconf 57' lang='grc' dir='ltr'><strong><em>τ)</em></strong></span> <span class='ocrx_word' id='word_1_106' title='bbox 327 1740 448 1829; x_wconf 81' lang='grc' dir='ltr'><strong><em>ἀμυδις</em></strong></span> <span class='ocrx_word' id='word_1_107' title='bbox 469 1739 579 1831; x_wconf 89' lang='grc' dir='ltr'><strong><em>κονίης</em></strong></span> <span class='ocrx_word' id='word_1_108' title='bbox 599 1742 741 1831; x_wconf 80' lang='grc' dir='ltr'><strong><em>μετάλην</em></strong></span> <span class='ocrx_word' id='word_1_109' title='bbox 762 1738 891 1810; x_wconf 76' lang='grc' dir='ltr'><strong><em>ἱστᾶσιν</em></strong></span> <span class='ocrx_word' id='word_1_110' title='bbox 913 1740 1056 1835; x_wconf 86' lang='grc' dir='ltr'><strong><em>ὀμίχλην,</em></strong></span> 
     </span>
     <span class='ocr_line' id='line_1_16' title="bbox 219 1836 1199 1934; baseline 0 -22"><span class='ocrx_word' id='word_1_111' title='bbox 219 1838 262 1926; x_wconf 83' lang='grc' dir='ltr'><strong><em>ώς</em></strong></span> <span class='ocrx_word' id='word_1_112' title='bbox 284 1842 348 1933; x_wconf 84' lang='grc' dir='ltr'><strong><em>άρα</em></strong></span> <span class='ocrx_word' id='word_1_113' title='bbox 369 1848 433 1912; x_wconf 82' lang='grc' dir='ltr'><strong><em>τῶν</em></strong></span> <span class='ocrx_word' id='word_1_114' title='bbox 455 1841 554 1930; x_wconf 77' lang='grc' dir='ltr'><strong><em>ὁμόσ’</em></strong></span> <span class='ocrx_word' id='word_1_115' title='bbox 576 1836 661 1933; x_wconf 88' lang='grc' dir='ltr'><strong><em>ήλθε</em></strong></span> <span class='ocrx_word' id='word_1_116' title='bbox 681 1843 778 1933; x_wconf 92' lang='grc' dir='ltr'><strong><em>μάχη,</em></strong></span> <span class='ocrx_word' id='word_1_117' title='bbox 800 1843 952 1929; x_wconf 91' lang='grc' dir='ltr'><strong><em>μέμασαν</em></strong></span> <span class='ocrx_word' id='word_1_118' title='bbox 975 1843 1007 1912; x_wconf 80' lang='grc' dir='ltr'><strong><em>δ’</em></strong></span> <span class='ocrx_word' id='word_1_119' title='bbox 1029 1844 1077 1913; x_wconf 77' lang='grc' dir='ltr'><strong><em>ἐνὶ</em></strong></span> <span class='ocrx_word' id='word_1_120' title='bbox 1098 1847 1199 1934; x_wconf 77' lang='grc' dir='ltr'><strong><em>θυμῷ</em></strong></span> 
     </span>
     <span class='ocr_line' id='line_1_17' title="bbox 219 1941 1037 2036; baseline -0.002 -22"><span class='ocrx_word' id='word_1_121' title='bbox 219 1943 377 2036; x_wconf 76' lang='grc' dir='ltr'><strong><em>ἀλλήλους</em></strong></span> <span class='ocrx_word' id='word_1_122' title='bbox 398 1942 480 2014; x_wconf 80' lang='grc' dir='ltr'><strong><em>καθ’</em></strong></span> <span class='ocrx_word' id='word_1_123' title='bbox 503 1942 618 2030; x_wconf 87' lang='grc' dir='ltr'><strong><em>όμιλον</em></strong></span> <span class='ocrx_word' id='word_1_124' title='bbox 640 1944 806 2034; x_wconf 79' lang='grc' dir='ltr'><strong><em>ἐναιρέμεν</em></strong></span> <span class='ocrx_word' id='word_1_125' title='bbox 827 1941 898 2028; x_wconf 86' lang='grc' dir='ltr'><strong><em>όξέι</em></strong></span> <span class='ocrx_word' id='word_1_126' title='bbox 917 1947 1037 2034; x_wconf 79' lang='grc' dir='ltr'><strong><em>χαλκῷ.</em></strong></span> 
     </span>
     <span class='ocr_line' id='line_1_18' title="bbox 218 2044 970 2139; baseline 0 -25"><span class='ocrx_word' id='word_1_127' title='bbox 218 2044 350 2139; x_wconf 72' lang='grc' dir='ltr'><strong><em>ἔφριξεν</em></strong></span> <span class='ocrx_word' id='word_1_128' title='bbox 373 2049 408 2115; x_wconf 84' lang='grc' dir='ltr'><strong><em>δέ</em></strong></span> <span class='ocrx_word' id='word_1_129' title='bbox 428 2047 514 2138; x_wconf 90' lang='grc' dir='ltr'><strong><em>μάχη</em></strong></span> <span class='ocrx_word' id='word_1_130' title='bbox 538 2045 786 2138; x_wconf 73' lang='grc' dir='ltr'><strong><em>φθισίμβροτος</em></strong></span> <span class='ocrx_word' id='word_1_131' title='bbox 807 2047 970 2136; x_wconf 74' lang='grc' dir='ltr'><strong><em>ἒτχείησιν</em></strong></span> 
     </span>
     <span class='ocr_line' id='line_1_19' title="bbox 167 2143 1091 2239; baseline 0.002 -24"><span class='ocrx_word' id='word_1_132' title='bbox 167 2175 206 2215; x_wconf 78' lang='grc' dir='ltr'><strong><em>ιω</em></strong></span> <span class='ocrx_word' id='word_1_133' title='bbox 219 2151 352 2239; x_wconf 77' lang='grc' dir='ltr'><strong><em>μακρῇς,</em></strong></span> <span class='ocrx_word' id='word_1_134' title='bbox 376 2145 416 2230; x_wconf 77' lang='grc' dir='ltr'><strong><em>δίς</em></strong></span> <span class='ocrx_word' id='word_1_135' title='bbox 437 2143 523 2233; x_wconf 84' lang='grc' dir='ltr'><strong><em>εἶχον</em></strong></span> <span class='ocrx_word' id='word_1_136' title='bbox 542 2146 773 2239; x_wconf 84' lang='grc' dir='ltr'><strong><em>ταμεσίχροας·</em></strong></span> <span class='ocrx_word' id='word_1_137' title='bbox 797 2144 876 2216; x_wconf 82' lang='grc' dir='ltr'><strong><em>όσσε</em></strong></span> <span class='ocrx_word' id='word_1_138' title='bbox 898 2146 927 2215; x_wconf 81' lang='grc' dir='ltr'><strong><em>δ’</em></strong></span> <span class='ocrx_word' id='word_1_139' title='bbox 953 2146 1091 2236; x_wconf 83' lang='grc' dir='ltr'><strong><em>άμερδεν</em></strong></span> 
     </span>
     <span class='ocr_line' id='line_1_20' title="bbox 218 2247 985 2341; baseline -0.001 -22"><span class='ocrx_word' id='word_1_140' title='bbox 218 2249 300 2341; x_wconf 76' lang='grc' dir='ltr'><strong><em>αύτή</em></strong></span> <span class='ocrx_word' id='word_1_141' title='bbox 322 2249 455 2340; x_wconf 88' lang='grc' dir='ltr'><strong><em>χαλκείη</em></strong></span> <span class='ocrx_word' id='word_1_142' title='bbox 478 2249 630 2341; x_wconf 82' lang='grc' dir='ltr'><strong><em>κορύθων</em></strong></span> <span class='ocrx_word' id='word_1_143' title='bbox 654 2247 724 2318; x_wconf 79' lang='grc' dir='ltr'><strong><em>ἀπο</em></strong></span> <span class='ocrx_word' id='word_1_144' title='bbox 746 2249 985 2337; x_wconf 86' lang='grc' dir='ltr'><strong><em>λαμπομενάων</em></strong></span> 
     </span>
     <span class='ocr_line' id='line_1_21' title="bbox 216 2352 1027 2444; baseline 0 -23"><span class='ocrx_word' id='word_1_145' title='bbox 216 2352 380 2442; x_wconf 78' lang='grc' dir='ltr'><strong><em>θωρήκων</em></strong></span> <span class='ocrx_word' id='word_1_146' title='bbox 399 2379 435 2421; x_wconf 90' lang='grc' dir='ltr'><strong><em>τε</em></strong></span> <span class='ocrx_word' id='word_1_147' title='bbox 455 2352 661 2442; x_wconf 79' lang='grc' dir='ltr'><strong><em>νεοσμήκτων</em></strong></span> <span class='ocrx_word' id='word_1_148' title='bbox 683 2353 807 2420; x_wconf 85' lang='grc' dir='ltr'><strong><em>σακέων</em></strong></span> <span class='ocrx_word' id='word_1_149' title='bbox 827 2379 863 2421; x_wconf 90' lang='grc' dir='ltr'><strong><em>τε</em></strong></span> <span class='ocrx_word' id='word_1_150' title='bbox 884 2356 1027 2444; x_wconf 82' lang='grc' dir='ltr'><strong><em>φαεινῶν</em></strong></span> 
     </span>
     <span class='ocr_line' id='line_1_22' title="bbox 217 2451 1096 2545; baseline 0 -23"><span class='ocrx_word' id='word_1_151' title='bbox 217 2455 396 2541; x_wconf 77' lang='grc' dir='ltr'><strong><em>ἐρχομένων</em></strong></span> <span class='ocrx_word' id='word_1_152' title='bbox 417 2452 546 2539; x_wconf 85' lang='grc' dir='ltr'><strong><em>άμυδις.</em></strong></span> <span class='ocrx_word' id='word_1_153' title='bbox 591 2452 680 2537; x_wconf 90' lang='grc' dir='ltr'><strong><em>μάλα</em></strong></span> <span class='ocrx_word' id='word_1_154' title='bbox 701 2479 756 2520; x_wconf 91' lang='grc' dir='ltr'><strong><em>κεν</em></strong></span> <span class='ocrx_word' id='word_1_155' title='bbox 776 2455 1023 2545; x_wconf 85' lang='grc' dir='ltr'><strong><em>θρασυκάρδιος</em></strong></span> <span class='ocrx_word' id='word_1_156' title='bbox 1045 2451 1096 2544; x_wconf 76' lang='grc' dir='ltr'><strong><em>εἴη</em></strong></span> 
     </span>
    </p>
   </div>
   <div class='ocr_carea' id='block_1_3' title="bbox 163 2550 1137 2954">
    <p class='ocr_par' dir='ltr' id='par_1_3' title="bbox 219 2550 1063 2646">
     <span class='ocr_line' id='line_1_23' title="bbox 219 2550 1063 2646; baseline 0.004 -25"><span class='ocrx_word' id='word_1_157' title='bbox 219 2550 256 2634; x_wconf 79' lang='grc' dir='ltr'><strong><em>ὃς</em></strong></span> <span class='ocrx_word' id='word_1_158' title='bbox 276 2555 352 2623; x_wconf 88' lang='grc' dir='ltr'><strong><em>τότε</em></strong></span> <span class='ocrx_word' id='word_1_159' title='bbox 372 2554 533 2646; x_wconf 79' lang='grc' dir='ltr'><strong><em>τηθήσειε</em></strong></span> <span class='ocrx_word' id='word_1_160' title='bbox 553 2554 656 2621; x_wconf 71' lang='grc' dir='ltr'><strong><em>τιδών</em></strong></span> <span class='ocrx_word' id='word_1_161' title='bbox 677 2554 780 2623; x_wconf 90' lang='grc' dir='ltr'><strong><em>πόνον</em></strong></span> <span class='ocrx_word' id='word_1_162' title='bbox 802 2553 872 2623; x_wconf 71' lang='grc' dir='ltr'><strong><em>οὐδ’</em></strong></span> <span class='ocrx_word' id='word_1_163' title='bbox 897 2554 1063 2642; x_wconf 83' lang='grc' dir='ltr'><strong><em>ἀκάχοιτο.</em></strong></span> 
     </span>
    </p>

    <p class='ocr_par' dir='ltr' id='par_1_4' title="bbox 163 2655 1137 2954">
     <span class='ocr_line' id='line_1_24' title="bbox 163 2655 1137 2744; baseline 0.009 -25"><span class='ocrx_word' id='word_1_164' title='bbox 163 2678 203 2721; x_wconf 78' lang='grc' dir='ltr'><strong><em>τοι</em></strong></span> <span class='ocrx_word' id='word_1_165' title='bbox 260 2656 351 2739; x_wconf 70' lang='grc' dir='ltr'><strong><em>ἔνθα,</em></strong></span> <span class='ocrx_word' id='word_1_166' title='bbox 373 2655 599 2743; x_wconf 87' lang='grc' dir='ltr'><strong><em>μεσαιπόλιός</em></strong></span> <span class='ocrx_word' id='word_1_167' title='bbox 620 2680 683 2744; x_wconf 89' lang='grc' dir='ltr'><strong><em>περ</em></strong></span> <span class='ocrx_word' id='word_1_168' title='bbox 706 2656 775 2739; x_wconf 78' lang='grc' dir='ltr'><strong><em>ἐών,</em></strong></span> <span class='ocrx_word' id='word_1_169' title='bbox 799 2664 961 2728; x_wconf 88' lang='grc' dir='ltr'><strong><em>Δαναοῖσι</em></strong></span> <span class='ocrx_word' id='word_1_170' title='bbox 983 2659 1137 2740; x_wconf 85' lang='grc' dir='ltr'><strong><em>κελεύσας</em></strong></span> 
     </span>
     <span class='ocr_line' id='line_1_25' title="bbox 213 2754 1099 2851; baseline 0.001 -22"><span class='ocrx_word' id='word_1_171' title='bbox 213 2759 391 2847; x_wconf 79' lang='grc' dir='ltr'><strong><em>Ἰδομενεύς</em></strong></span> <span class='ocrx_word' id='word_1_172' title='bbox 417 2755 565 2846; x_wconf 80' lang='grc' dir='ltr'><strong><em>Τρώεσσι</em></strong></span> <span class='ocrx_word' id='word_1_173' title='bbox 586 2758 783 2844; x_wconf 90' lang='grc' dir='ltr'><strong><em>μετάλμενος</em></strong></span> <span class='ocrx_word' id='word_1_174' title='bbox 805 2760 839 2827; x_wconf 81' lang='grc' dir='ltr'><strong><em>ἐν</em></strong></span> <span class='ocrx_word' id='word_1_175' title='bbox 860 2761 968 2851; x_wconf 89' lang='grc' dir='ltr'><strong><em>φόβον</em></strong></span> <span class='ocrx_word' id='word_1_176' title='bbox 989 2754 1099 2850; x_wconf 84' lang='grc' dir='ltr'><strong><em>ὦρσεν.</em></strong></span> 
     </span>
     <span class='ocr_line' id='line_1_26' title="bbox 216 2857 1073 2954; baseline 0.002 -24"><span class='ocrx_word' id='word_1_177' title='bbox 216 2864 325 2954; x_wconf 82' lang='grc' dir='ltr'><strong><em>πέφνε</em></strong></span> <span class='ocrx_word' id='word_1_178' title='bbox 344 2863 406 2950; x_wconf 77' lang='grc' dir='ltr'><strong><em>τάρ</em></strong></span> <span class='ocrx_word' id='word_1_179' title='bbox 425 2857 609 2949; x_wconf 77' lang='grc' dir='ltr'><strong><em>Ὀθρυονῆα</em></strong></span> <span class='ocrx_word' id='word_1_180' title='bbox 630 2861 833 2952; x_wconf 78' lang='grc' dir='ltr'><strong><em>Καβησόθεν</em></strong></span> <span class='ocrx_word' id='word_1_181' title='bbox 855 2859 948 2931; x_wconf 74' lang='grc' dir='ltr'><strong><em>ἔνδον</em></strong></span> <span class='ocrx_word' id='word_1_182' title='bbox 970 2863 1073 2947; x_wconf 79' lang='grc' dir='ltr'><strong><em>δόντα,</em></strong></span> 
     </span>
    </p>
   </div>
   <div class='ocr_carea' id='block_1_4' title="bbox 249 3130 1090 4488">
    <p class='ocr_par' dir='ltr' id='par_1_5' title="bbox 250 3130 1039 3297">
     <span class='ocr_line' id='line_1_27' title="bbox 250 3130 1039 3213; baseline 0 -25"><span class='ocrx_word' id='word_1_183' title='bbox 250 3138 299 3189; x_wconf 85' lang='grc'><strong><em>345</em></strong></span> <span class='ocrx_word' id='word_1_184' title='bbox 318 3132 354 3189; x_wconf 86' lang='grc' dir='ltr'>τὼ</span> <span class='ocrx_word' id='word_1_185' title='bbox 367 3136 385 3188; x_wconf 92' lang='grc' dir='ltr'><strong><em>δ</em></strong></span> <span class='ocrx_word' id='word_1_186' title='bbox 388 3132 394 3153; x_wconf 79' lang='lat'><strong>³</strong></span> <span class='ocrx_word' id='word_1_187' title='bbox 410 3132 499 3209; x_wconf 79' lang='grc' dir='ltr'><strong><em>ἀμφίς</em></strong></span> <span class='ocrx_word' id='word_1_188' title='bbox 511 3139 661 3211; x_wconf 84' lang='grc' dir='ltr'><strong><em>φρονέοντε</em></strong></span> <span class='ocrx_word' id='word_1_189' title='bbox 673 3132 729 3192; x_wconf 89' lang='grc' dir='ltr'><strong><em>δύω</em></strong></span> <span class='ocrx_word' id='word_1_190' title='bbox 742 3134 855 3213; x_wconf 81' lang='grc' dir='ltr'><strong><em>Κρόνου</em></strong></span> <span class='ocrx_word' id='word_1_191' title='bbox 867 3130 908 3193; x_wconf 81' lang='grc' dir='ltr'><strong><em>υίε</em></strong></span> <span class='ocrx_word' id='word_1_192' title='bbox 919 3131 1039 3208; x_wconf 92' lang='grc' dir='ltr'><strong><em>κραταιώ</em></strong></span> 
     </span>
     <span class='ocr_line' id='line_1_28' title="bbox 316 3219 960 3297; baseline 0.003 -23"><span class='ocrx_word' id='word_1_193' title='bbox 316 3219 453 3293; x_wconf 75' lang='grc' dir='ltr'><strong><em>ἀνδράσιν</em></strong></span> <span class='ocrx_word' id='word_1_194' title='bbox 465 3221 603 3297; x_wconf 76' lang='grc' dir='ltr'><strong><em>ἡρώεσσιν</em></strong></span> <span class='ocrx_word' id='word_1_195' title='bbox 615 3219 755 3294; x_wconf 76' lang='grc' dir='ltr'><strong><em>έτεύχετον</em></strong></span> <span class='ocrx_word' id='word_1_196' title='bbox 768 3222 853 3280; x_wconf 76' lang='grc' dir='ltr'><strong><em>ι’ίλνεα</em></strong></span> <span class='ocrx_word' id='word_1_197' title='bbox 864 3220 960 3294; x_wconf 64' lang='grc' dir='ltr'><strong><em>λυπρά.</em></strong></span> 
     </span>
    </p>

    <p class='ocr_par' dir='ltr' id='par_1_6' title="bbox 316 3304 1077 3548">
     <span class='ocr_line' id='line_1_29' title="bbox 316 3304 1061 3382; baseline 0.004 -23"><span class='ocrx_word' id='word_1_198' title='bbox 316 3305 385 3365; x_wconf 84' lang='grc' dir='ltr'><strong><em>Ζεὺς</em></strong></span> <span class='ocrx_word' id='word_1_199' title='bbox 396 3307 449 3379; x_wconf 74' lang='grc' dir='ltr'><strong><em>μὲν</em></strong></span> <span class='ocrx_word' id='word_1_200' title='bbox 461 3304 515 3378; x_wconf 83' lang='grc' dir='ltr'><strong><em>ἀρα</em></strong></span> <span class='ocrx_word' id='word_1_201' title='bbox 530 3306 657 3378; x_wconf 80' lang='grc' dir='ltr'><strong><em>Τρώεσσι</em></strong></span> <span class='ocrx_word' id='word_1_202' title='bbox 669 3312 715 3361; x_wconf 81' lang='grc' dir='ltr'><strong><em>καλ</em></strong></span> <span class='ocrx_word' id='word_1_203' title='bbox 722 3305 839 3382; x_wconf 78' lang='grc' dir='ltr'><strong><em>Ἕκτορι</em></strong></span> <span class='ocrx_word' id='word_1_204' title='bbox 849 3306 962 3378; x_wconf 77' lang='grc' dir='ltr'><strong><em>βούλετο</em></strong></span> <span class='ocrx_word' id='word_1_205' title='bbox 974 3312 1061 3375; x_wconf 87' lang='grc' dir='ltr'><strong><em>νίκην,</em></strong></span> 
     </span>
     <span class='ocr_line' id='line_1_30' title="bbox 316 3388 1077 3467; baseline 0.008 -26"><span class='ocrx_word' id='word_1_206' title='bbox 316 3389 455 3444; x_wconf 84' lang='grc' dir='ltr'><strong><em>κυδαίνων</em></strong></span> <span class='ocrx_word' id='word_1_207' title='bbox 467 3389 578 3460; x_wconf 80' lang='grc' dir='ltr'><strong><em>Ἀχιλῆα</em></strong></span> <span class='ocrx_word' id='word_1_208' title='bbox 591 3388 681 3450; x_wconf 85' lang='grc' dir='ltr'><strong><em>πόδας</em></strong></span> <span class='ocrx_word' id='word_1_209' title='bbox 693 3392 790 3464; x_wconf 85' lang='grc' dir='ltr'><strong><em>ταχύν·</em></strong></span> <span class='ocrx_word' id='word_1_210' title='bbox 804 3391 867 3447; x_wconf 82' lang='grc' dir='ltr'><strong><em>οὐδ’</em></strong></span> <span class='ocrx_word' id='word_1_211' title='bbox 882 3391 899 3447; x_wconf 85' lang='grc' dir='ltr'><strong><em>ό</em></strong></span> <span class='ocrx_word' id='word_1_212' title='bbox 910 3413 941 3449; x_wconf 69' lang='grc' dir='ltr'><strong><em>τε</em></strong></span> <span class='ocrx_word' id='word_1_213' title='bbox 953 3392 1077 3467; x_wconf 86' lang='grc' dir='ltr'><strong><em>πάμπαν</em></strong></span> 
     </span>
     <span class='ocr_line' id='line_1_31' title="bbox 316 3471 950 3548; baseline 0.006 -22"><span class='ocrx_word' id='word_1_214' title='bbox 316 3472 399 3540; x_wconf 75' lang='grc' dir='ltr'><strong><em>ἤθελε</em></strong></span> <span class='ocrx_word' id='word_1_215' title='bbox 411 3471 479 3528; x_wconf 87' lang='grc' dir='ltr'><strong><em>λαὸν</em></strong></span> <span class='ocrx_word' id='word_1_216' title='bbox 491 3472 608 3528; x_wconf 75' lang='grc' dir='ltr'><strong><em>ὀλέσθαι</em></strong></span> <span class='ocrx_word' id='word_1_217' title='bbox 622 3473 761 3544; x_wconf 78' lang='grc' dir='ltr'><strong><em>Ἀχαιικόν</em></strong></span> <span class='ocrx_word' id='word_1_218' title='bbox 771 3473 867 3531; x_wconf 87' lang='grc' dir='ltr'><strong><em>’ίλιόθι</em></strong></span> <span class='ocrx_word' id='word_1_219' title='bbox 881 3476 950 3548; x_wconf 91' lang='grc' dir='ltr'><strong><em>πρό,</em></strong></span> 
     </span>
    </p>

    <p class='ocr_par' dir='ltr' id='par_1_7' title="bbox 251 3555 1055 3976">
     <span class='ocr_line' id='line_1_32' title="bbox 251 3555 967 3634; baseline 0.013 -26"><span class='ocrx_word' id='word_1_220' title='bbox 251 3557 301 3610; x_wconf 82' lang='grc'><strong><em>350</em></strong></span> <span class='ocrx_word' id='word_1_221' title='bbox 319 3555 388 3610; x_wconf 79' lang='grc' dir='ltr'><strong><em>ἀλλὰ</em></strong></span> <span class='ocrx_word' id='word_1_222' title='bbox 403 3561 484 3613; x_wconf 86' lang='grc' dir='ltr'><strong><em>Θέτιν</em></strong></span> <span class='ocrx_word' id='word_1_223' title='bbox 495 3556 607 3613; x_wconf 86' lang='grc' dir='ltr'><strong><em>κύδαινε</em></strong></span> <span class='ocrx_word' id='word_1_224' title='bbox 620 3563 665 3612; x_wconf 81' lang='grc' dir='ltr'><strong><em>καὶ</em></strong></span> <span class='ocrx_word' id='word_1_225' title='bbox 677 3563 737 3613; x_wconf 77' lang='grc' dir='ltr'><strong><em>υἱέα</em></strong></span> <span class='ocrx_word' id='word_1_226' title='bbox 749 3560 967 3634; x_wconf 78' lang='grc' dir='ltr'><strong><em>καρτερόθυμον.</em></strong></span> 
     </span>
     <span class='ocr_line' id='line_1_33' title="bbox 318 3639 974 3718; baseline 0.008 -22"><span class='ocrx_word' id='word_1_227' title='bbox 318 3640 456 3715; x_wconf 69' lang='grc' dir='ltr'><strong><em>Ἀρνείους</em></strong></span> <span class='ocrx_word' id='word_1_228' title='bbox 474 3643 503 3696; x_wconf 72' lang='grc' dir='ltr'><strong><em>δὲ</em></strong></span> <span class='ocrx_word' id='word_1_229' title='bbox 516 3641 683 3697; x_wconf 86' lang='grc' dir='ltr'><strong><em>Ποσειδάων</em></strong></span> <span class='ocrx_word' id='word_1_230' title='bbox 695 3639 813 3716; x_wconf 79' lang='grc' dir='ltr'><strong><em>ὀρόθυνε</em></strong></span> <span class='ocrx_word' id='word_1_231' title='bbox 824 3644 974 3718; x_wconf 86' lang='grc' dir='ltr'><strong><em>μετελθών,</em></strong></span> 
     </span>
     <span class='ocr_line' id='line_1_34' title="bbox 315 3719 1025 3804; baseline 0.007 -24"><span class='ocrx_word' id='word_1_232' title='bbox 315 3726 407 3800; x_wconf 83' lang='grc' dir='ltr'><strong><em>λάθρη</em></strong></span> <span class='ocrx_word' id='word_1_233' title='bbox 421 3724 593 3789; x_wconf 76' lang='grc' dir='ltr'><strong><em>ὑπεξαναδὺς</em></strong></span> <span class='ocrx_word' id='word_1_234' title='bbox 604 3719 704 3797; x_wconf 75' lang='grc' dir='ltr'><strong><em>πολιῆς</em></strong></span> <span class='ocrx_word' id='word_1_235' title='bbox 716 3728 793 3790; x_wconf 84' lang='grc' dir='ltr'><strong><em>ἁλός·</em></strong></span> <span class='ocrx_word' id='word_1_236' title='bbox 807 3728 909 3802; x_wconf 81' lang='grc' dir='ltr'><strong><em>ήχθετο</em></strong></span> <span class='ocrx_word' id='word_1_237' title='bbox 921 3730 978 3803; x_wconf 75' lang='grc' dir='ltr'><strong><em>τάρ</em></strong></span> <span class='ocrx_word' id='word_1_238' title='bbox 990 3733 1025 3804; x_wconf 81' lang='grc' dir='ltr'><strong><em>ῥα</em></strong></span> 
     </span>
     <span class='ocr_line' id='line_1_35' title="bbox 318 3814 1055 3889; baseline 0.005 -22"><span class='ocrx_word' id='word_1_239' title='bbox 318 3816 428 3887; x_wconf 82' lang='grc' dir='ltr'><strong><em>Τρωσὶν</em></strong></span> <span class='ocrx_word' id='word_1_240' title='bbox 440 3814 642 3885; x_wconf 77' lang='grc' dir='ltr'><strong><em>δαμναμένους,</em></strong></span> <span class='ocrx_word' id='word_1_241' title='bbox 657 3817 706 3867; x_wconf 83' lang='grc' dir='ltr'><strong><em>Διὶ</em></strong></span> <span class='ocrx_word' id='word_1_242' title='bbox 718 3815 748 3870; x_wconf 78' lang='grc' dir='ltr'><strong><em>δὲ</em></strong></span> <span class='ocrx_word' id='word_1_243' title='bbox 761 3820 898 3889; x_wconf 83' lang='grc' dir='ltr'><strong><em>κρατερῶς</em></strong></span> <span class='ocrx_word' id='word_1_244' title='bbox 910 3817 1055 3889; x_wconf 73' lang='grc' dir='ltr'><strong><em>ἐνεμέσσα.</em></strong></span> 
     </span>
     <span class='ocr_line' id='line_1_36' title="bbox 315 3889 1006 3976; baseline 0.007 -26"><span class='ocrx_word' id='word_1_245' title='bbox 315 3889 331 3967; x_wconf 83' lang='grc' dir='ltr'><em>ἦ</em></span> <span class='ocrx_word' id='word_1_246' title='bbox 343 3895 401 3970; x_wconf 77' lang='grc' dir='ltr'><strong><em>μὴν</em></strong></span> <span class='ocrx_word' id='word_1_247' title='bbox 412 3893 617 3969; x_wconf 88' lang='grc' dir='ltr'><strong><em>ἀμφοτέροισιν</em></strong></span> <span class='ocrx_word' id='word_1_248' title='bbox 629 3896 701 3970; x_wconf 84' lang='grc' dir='ltr'><strong><em>ὁμὸν</em></strong></span> <span class='ocrx_word' id='word_1_249' title='bbox 712 3904 793 3959; x_wconf 74' lang='grc' dir='ltr'><strong><em>τίνος</em></strong></span> <span class='ocrx_word' id='word_1_250' title='bbox 805 3898 850 3970; x_wconf 79' lang='grc' dir='ltr'><strong><em>ἠδ’</em></strong></span> <span class='ocrx_word' id='word_1_251' title='bbox 866 3907 894 3955; x_wconf 82' lang='grc' dir='ltr'><strong><em>ἴα</em></strong></span> <span class='ocrx_word' id='word_1_252' title='bbox 907 3899 1006 3976; x_wconf 83' lang='grc' dir='ltr'><strong><em>πάτρη,</em></strong></span> 
     </span>
    </p>

    <p class='ocr_par' dir='ltr' id='par_1_8' title="bbox 251 3980 1090 4398">
     <span class='ocr_line' id='line_1_37' title="bbox 251 3980 1014 4060; baseline 0.007 -25"><span class='ocrx_word' id='word_1_253' title='bbox 251 3985 299 4036; x_wconf 82' lang='grc'><strong><em>355</em></strong></span> <span class='ocrx_word' id='word_1_254' title='bbox 318 3980 386 4037; x_wconf 78' lang='grc' dir='ltr'><strong><em>ἀλλὰ</em></strong></span> <span class='ocrx_word' id='word_1_255' title='bbox 399 3981 469 4041; x_wconf 83' lang='grc' dir='ltr'><strong><em>Ζεύς</em></strong></span> <span class='ocrx_word' id='word_1_256' title='bbox 480 3980 615 4055; x_wconf 86' lang='grc' dir='ltr'><strong><em>πρότερος</em></strong></span> <span class='ocrx_word' id='word_1_257' title='bbox 625 3983 733 4038; x_wconf 71' lang='grc' dir='ltr'><strong><em>τενόνει</em></strong></span> <span class='ocrx_word' id='word_1_258' title='bbox 747 3989 792 4038; x_wconf 80' lang='grc' dir='ltr'><strong><em>καὶ</em></strong></span> <span class='ocrx_word' id='word_1_259' title='bbox 806 3990 922 4041; x_wconf 86' lang='grc' dir='ltr'><strong><em>πλείονα</em></strong></span> <span class='ocrx_word' id='word_1_260' title='bbox 933 3985 1014 4060; x_wconf 62' lang='grc' dir='ltr'><strong><em>πήδη.</em></strong></span> 
     </span>
     <span class='ocr_line' id='line_1_38' title="bbox 316 4065 995 4142; baseline 0.006 -21"><span class='ocrx_word' id='word_1_261' title='bbox 316 4072 354 4138; x_wconf 76' lang='grc' dir='ltr'><strong><em>τῷ</em></strong></span> <span class='ocrx_word' id='word_1_262' title='bbox 367 4070 401 4139; x_wconf 88' lang='grc' dir='ltr'><strong><em>ῥα</em></strong></span> <span class='ocrx_word' id='word_1_263' title='bbox 413 4071 458 4121; x_wconf 82' lang='grc' dir='ltr'><strong><em>καὶ</em></strong></span> <span class='ocrx_word' id='word_1_264' title='bbox 470 4065 618 4140; x_wconf 83' lang='grc' dir='ltr'><strong><em>ἀμφαδίην</em></strong></span> <span class='ocrx_word' id='word_1_265' title='bbox 629 4071 682 4140; x_wconf 70' lang='grc' dir='ltr'><strong><em>μέν</em></strong></span> <span class='ocrx_word' id='word_1_266' title='bbox 693 4066 848 4142; x_wconf 76' lang='grc' dir='ltr'><strong><em>ἀλεξέμεναι</em></strong></span> <span class='ocrx_word' id='word_1_267' title='bbox 862 4069 995 4138; x_wconf 87' lang='grc' dir='ltr'><strong><em>ἀλέεινεν,</em></strong></span> 
     </span>
     <span class='ocr_line' id='line_1_39' title="bbox 316 4152 1090 4230; baseline 0.005 -24"><span class='ocrx_word' id='word_1_268' title='bbox 316 4152 405 4226; x_wconf 83' lang='grc' dir='ltr'><strong><em>λάθρη</em></strong></span> <span class='ocrx_word' id='word_1_269' title='bbox 418 4156 436 4207; x_wconf 93' lang='grc' dir='ltr'><strong><em>δ</em></strong></span> <span class='ocrx_word' id='word_1_270' title='bbox 442 4152 448 4171; x_wconf 87' lang='lat'>‘</span> <span class='ocrx_word' id='word_1_271' title='bbox 463 4155 523 4208; x_wconf 73' lang='grc' dir='ltr'><strong><em>αἰὲν</em></strong></span> <span class='ocrx_word' id='word_1_272' title='bbox 535 4153 621 4225; x_wconf 76' lang='grc' dir='ltr'><strong><em>ἔτειρε</em></strong></span> <span class='ocrx_word' id='word_1_273' title='bbox 634 4153 701 4207; x_wconf 83' lang='grc' dir='ltr'><strong><em>κατὰ</em></strong></span> <span class='ocrx_word' id='word_1_274' title='bbox 716 4154 842 4229; x_wconf 85' lang='grc' dir='ltr'><strong><em>στρατόν,</em></strong></span> <span class='ocrx_word' id='word_1_275' title='bbox 856 4153 938 4230; x_wconf 79' lang='grc' dir='ltr'><strong><em>ἀνδρὶ</em></strong></span> <span class='ocrx_word' id='word_1_276' title='bbox 949 4154 1090 4216; x_wconf 67' lang='grc' dir='ltr'><strong><em>εεεαικώς.</em></strong></span> 
     </span>
     <span class='ocr_line' id='line_1_40' title="bbox 315 4238 979 4313; baseline 0.006 -22"><span class='ocrx_word' id='word_1_277' title='bbox 315 4242 358 4291; x_wconf 81' lang='grc' dir='ltr'><strong><em>τοὶ</em></strong></span> <span class='ocrx_word' id='word_1_278' title='bbox 371 4238 398 4291; x_wconf 76' lang='grc' dir='ltr'><strong><em>δ’</em></strong></span> <span class='ocrx_word' id='word_1_279' title='bbox 412 4240 505 4312; x_wconf 79' lang='grc' dir='ltr'><strong><em>ἔριδος</em></strong></span> <span class='ocrx_word' id='word_1_280' title='bbox 516 4240 647 4310; x_wconf 77' lang='grc' dir='ltr'><strong><em>κρατερῆς</em></strong></span> <span class='ocrx_word' id='word_1_281' title='bbox 658 4244 704 4292; x_wconf 80' lang='grc' dir='ltr'><strong><em>καὶ</em></strong></span> <span class='ocrx_word' id='word_1_282' title='bbox 717 4238 830 4313; x_wconf 85' lang='grc' dir='ltr'><strong><em>ὁμοιίου</em></strong></span> <span class='ocrx_word' id='word_1_283' title='bbox 842 4244 979 4313; x_wconf 88' lang='grc' dir='ltr'><strong><em>πολέμοιο</em></strong></span> 
     </span>
     <span class='ocr_line' id='line_1_41' title="bbox 315 4321 1049 4398; baseline 0.004 -21"><span class='ocrx_word' id='word_1_284' title='bbox 315 4329 417 4398; x_wconf 80' lang='grc' dir='ltr'><strong><em>πεῖραρ</em></strong></span> <span class='ocrx_word' id='word_1_285' title='bbox 429 4321 685 4386; x_wconf 73' lang='grc' dir='ltr'><strong><em>έπαλλάξαντεςέτι’</em></strong></span> <span class='ocrx_word' id='word_1_286' title='bbox 700 4321 888 4398; x_wconf 86' lang='grc' dir='ltr'><strong><em>ἀμφοτέροισι</em></strong></span> <span class='ocrx_word' id='word_1_287' title='bbox 901 4324 1049 4390; x_wconf 85' lang='grc' dir='ltr'><strong><em>τάνυσσαν,</em></strong></span> 
     </span>
    </p>

    <p class='ocr_par' dir='ltr' id='par_1_9' title="bbox 249 4406 1059 4488">
     <span class='ocr_line' id='line_1_42' title="bbox 249 4406 1059 4488; baseline -0.002 -22"><span class='ocrx_word' id='word_1_288' title='bbox 249 4411 298 4466; x_wconf 84' lang='grc'><strong><em>360</em></strong></span> <span class='ocrx_word' id='word_1_289' title='bbox 316 4407 453 4488; x_wconf 73' lang='grc' dir='ltr'><strong><em>ἄρρηκτόν</em></strong></span> <span class='ocrx_word' id='word_1_290' title='bbox 465 4406 489 4463; x_wconf 87' lang='grc' dir='ltr'><strong><em>τ’</em></strong></span> <span class='ocrx_word' id='word_1_291' title='bbox 503 4407 604 4466; x_wconf 85' lang='grc' dir='ltr'><strong><em>ἄλυτόν</em></strong></span> <span class='ocrx_word' id='word_1_292' title='bbox 615 4428 651 4477; x_wconf 87' lang='grc' dir='ltr'><strong><em>τε,</em></strong></span> <span class='ocrx_word' id='word_1_293' title='bbox 664 4407 694 4463; x_wconf 85' lang='grc' dir='ltr'><strong><em>τὸ</em></strong></span> <span class='ocrx_word' id='word_1_294' title='bbox 707 4413 817 4465; x_wconf 83' lang='grc' dir='ltr'><strong><em>πολλῶν</em></strong></span> <span class='ocrx_word' id='word_1_295' title='bbox 827 4409 942 4466; x_wconf 57' lang='grc' dir='ltr'><strong><em>τούνατἱ</em></strong></span> <span class='ocrx_word' id='word_1_296' title='bbox 957 4412 1059 4466; x_wconf 80' lang='grc' dir='ltr'><strong><em>ἔλυσεν.</em></strong></span> 
     </span>
    </p>
   </div>
   <div class='ocr_carea' id='block_1_5' title="bbox 0 0 1440 5016">
    <p class='ocr_par' dir='ltr' id='par_1_10' title="bbox 0 0 1440 5016">
     <span class='ocr_line' id='line_1_43' title="bbox 0 0 1440 5016; baseline 0 0"><span class='ocrx_word' id='word_1_297' title='bbox 0 0 1440 5016; x_wconf 95' lang='lat' dir='ltr'><strong><em> </em></strong></span> 
     </span>
    </p>
   </div>
  </div>
 </body>
</html>
