2872 5016
604 283 628 332 s.
667 278 885 333 ιειιΔοττ
1254 275 1296 338 63

237 426 283 514 οἷς
304 430 410 524 ἔφατ’,
433 430 605 524 Ἀτρεΐδης
627 434 665 500 δέ
685 430 856 523 παρῴχετο
877 428 1063 520 τηθόσυνος
1083 431 1153 516 κήρ.

193 528 280 625 ήλθε
302 532 335 603 δ’
356 533 412 603 ἐπ’
435 533 623 604 Αἰάντεσσι
645 537 726 603 κιιδν
748 533 809 603 άνά
830 534 995 618 τουλαμδν
1015 528 1156 619 α’νδρῶν·

194 639 241 703 τιό
264 638 301 704 δὲ
321 638 562 727 κορυσσέσθην,
586 637 656 722 άμα
678 637 716 705 δέ
737 637 838 728 νέφος
860 640 974 704 εἵπετο
997 636 1115 716 πεζῶν.

140 765 181 806 ιω
196 736 241 818 ὥς
263 736 295 806 δ’
318 736 368 807 ὅτ’
391 735 460 807 άπδ
485 741 628 828 σκοπιῆς
649 742 756 807 τεῖδεν
778 738 876 830 νέφος
898 737 1040 817 αἰπόλος
1061 734 1140 826 άνήρ

195 839 368 930 ἐρχόμενον
389 842 473 908 κατά
495 840 618 908 πόντον
637 839 706 909 ὑπὸ
726 843 892 933 Ζεφύροιο
913 843 1029 930 τιωής·

112 1012 114 1017 ,
194 945 243 1032 τῷ
265 942 304 1011 δέ
323 940 355 1011 τ’
377 939 515 1010 άνευθεν
535 943 624 1011 ἐόντι
645 944 839 1031 μελάντερον
860 941 937 1034 ήάτε
959 940 1066 1010 πίσσα

195 1042 324 1136 φαίνετ’
347 1043 398 1113 ἰδν
419 1046 503 1112 κατά
524 1043 656 1128 πόντον,
681 1043 755 1113 άτει
779 1046 816 1113 δέ
837 1071 874 1111 τε
895 1044 1044 1111 λαίλαπα
1067 1044 1204 1132 πολλήν·

195 1147 326 1238 ῥίτησέν
346 1173 383 1214 τε
403 1146 519 1229 τιδιόν,
542 1145 610 1216 όπό
631 1174 668 1216 τε
689 1150 794 1227 σπέος
814 1143 917 1236 ήλασε
937 1148 1036 1234 μήλα·

143 1256 287 1321 ωοτοῖαι
310 1247 369 1335 ἅμ’
390 1248 580 1318 Αἰάντεσσι
602 1252 800 1341 διοτρεφέων
823 1249 943 1339 αἰζηῶν

197 1351 292 1441 δήιον
312 1351 346 1431 ἐς
367 1351 514 1438 πόλεμον
535 1353 674 1419 πυκιναὶ
696 1349 823 1419 κίνυντο
845 1352 1011 1442 φάλαττες

195 1453 337 1536 κυάνεαι,
360 1452 495 1522 σάκεσίν
515 1479 551 1520 τε
573 1454 629 1520 καί
652 1450 760 1537 έτχεσι
781 1457 988 1542 πεφρικυῖαι.

195 1558 252 1622 καί
273 1557 351 1635 τοδς
371 1555 430 1641 μέν
450 1554 580 1645 τήθησε
600 1554 704 1621 τιδιδν
724 1552 841 1642 κρείων
864 1550 1089 1638 Ἀταμέμνων,
1134 1574 1136 1578 ·

195 1655 253 1724 καί
275 1681 379 1748 σφεας
400 1655 555 1748 φωνήσας
576 1657 683 1724 τέπεα
705 1656 884 1743 πτερόεντα
906 1655 1086 1745 προσηύδα.

142 1755 344 1826 τεε“Λίἀντ’
366 1756 523 1847 Ἀρι-τίων
543 1757 682 1848 ήτήτορε
701 1757 961 1843 χαλκοχιτώνων,

194 1869 285 1950 σφιδι
307 1859 366 1946 μέν
379 1902 421 1911 -
436 1857 474 1927 σά
494 1862 557 1949 τδρ
580 1858 683 1929 ἔνεικ’
707 1857 876 1946 άτρυνέμεν
890 1901 930 1909 -
947 1857 986 1924 οίί
1006 1885 1040 1924 τι
1061 1857 1196 1924 κελεόω·

196 1959 284 2029 αὐτοὶ
306 1963 369 2050 τάρ
390 1961 480 2046 μάλα
501 1963 583 2030 λαδν
603 1958 744 2030 άναίτετε
764 1966 841 2051 τῖφι
862 1961 1041 2045 μάχεσθαι.

196 2059 227 2129 εἰ
247 2062 324 2151 τάρ,
347 2065 414 2130 Ζεῦ
434 2087 471 2130 τε
491 2063 595 2154 πάτερ
617 2066 673 2132 καὶ
697 2062 860 2154 Ἀθηναίη
883 2063 940 2130 καὶ
959 2058 1137 2140 Ἄπολλον,

194 2170 286 2244 τοῖος
306 2167 411 2232 πᾶσιν
431 2165 542 2250 θυμός
562 2165 610 2233 ἐνὶ
632 2165 795 2254 στήθεσσι
816 2164 962 2232 πένοιτο·

143 2269 243 2354 εεοτῷ
265 2293 301 2334 κε
321 2265 396 2350 τάχ’
417 2263 554 2358 ήμόσειε
576 2265 675 2347 πόλις
696 2266 867 2356 Πριάμοιο
893 2266 1055 2343 τάνακτος

195 2368 303 2452 χερσίν
322 2365 382 2457 ὑφ’
403 2367 582 2458 ἡμετέρῃσι
602 2368 748 2436 εαλοῦσά
769 2395 805 2436 τε
827 2367 1014 2456 περθομένη
1033 2361 1097 2433 τε.”

238 2461 282 2550 ὦς
301 2471 429 2537 τειπών
449 2471 525 2548 τούς
545 2470 604 2554 μέν
625 2469 720 2537 λίπεν
743 2469 856 2552 αὐτοῦ,
879 2473 922 2558 βῆ
945 2469 981 2534 δὲ
1002 2463 1074 2553 μετ’
1098 2463 1223 2544 άλλους.

196 2568 270 2638 ἐνθ’
293 2570 370 2640 ὅτε
391 2568 533 2660 Νέστορ>
554 2569 678 2656 ἔτετμε,
700 2573 793 2637 λιτδν
813 2572 946 2638 Πυλίων
969 2568 1137 2658 άτορητήν,

195 2674 274 2753 τοδς
294 2670 430 2762 ἑτάρους
452 2675 625 2742 στέλλοντα
647 2674 704 2740 καὶ
727 2670 900 2761 ὀτρύνοντα
921 2674 1104 2758 μάχεσθαι,

142 2796 182 2837 εετ
197 2771 284 2865 άμφί
306 2775 409 2862 μέταν
429 2776 623 2844 Πελάτοντα
643 2772 829 2862 Ἀλάστορά
850 2802 885 2844 τε
907 2774 1056 2864 Χρομίον
1077 2799 1112 2840 τε

195 2876 332 2962 Αἵμονά
352 2903 388 2945 τε
409 2877 559 2967 κρείοντα
581 2874 709 2945 Βίαντά
730 2903 766 2945 τε
787 2878 932 2963 ποιμένα
952 2880 1047 2944 λαῶν.

195 2976 327 3070 ἰππήας
347 2979 406 3065 μέν
427 2982 544 3069 πρῶτα
566 2980 623 3047 σόν
644 2983 805 3049 ἵπποισιν
826 2981 883 3046 καὶ
906 2976 1054 3067 όχεσφιν,

194 3082 315 3164 πεζοὺς
337 3079 369 3148 δ’
393 3081 538 3162 ἐξόπιθε
560 3083 676 3167 στῆσεν
698 3082 823 3158 πολέας
843 3103 880 3144 τε
901 3079 958 3143 καί
981 3077 1137 3154 ἐσθλοός,

195 3182 290 3270 έρκσς
312 3180 388 3265 ἔμεν
409 3180 590 3263 πολέμοιο·
613 3181 734 3256 κακοός
756 3177 785 3244 δ’
809 3179 843 3257 ἐς
864 3176 984 3260 μέσσον
1006 3175 1151 3256 ἔλασσεν,

141 3311 181 3350 σου
195 3278 285 3373 όφρα
307 3282 365 3347 καί
386 3276 444 3346 οὐκ
465 3279 591 3346 ἐθέλων
610 3304 663 3357 τις
685 3275 845 3368 άνατκαίη
869 3277 1053 3363 πολεμίζοι.

195 3380 356 3448 ἱππεῦσιν
376 3380 435 3465 μὲν
456 3376 562 3467 πρῶτ’
584 3379 789 3448 ἐπετέλλετο·
811 3381 885 3460 τοίς
905 3383 967 3470 τδρ
989 3377 1126 3449 άνιότειν

195 3483 302 3573 σφοδς
322 3484 450 3562 ἵππους
471 3481 582 3570 ἐχέμεν
601 3482 687 3573 μηδέ
708 3485 901 3552 κλονέεσθαι
926 3481 1041 3573 ὁμίλῳ.

190 3582 301 3676 αμηδέ
321 3611 373 3667 τις
395 3582 563 3675 ἰπποσόνη
586 3611 623 3652 τε
645 3586 702 3652 καί
724 3582 882 3678 ἠνορέηφι
905 3588 1086 3668 πεποιθώς

195 3682 265 3768 οἶος
286 3687 415 3777 πρόσθ’
439 3685 546 3757 άλλων
566 3687 702 3772 μεμάτω
729 3689 876 3777 Τριόεσσι
898 3689 1083 3774 μάχεσθαι,

141 3823 180 3863 τοι
193 3788 272 3879 μηδ’
295 3787 514 3880 ἀναχωρείτω·
538 3788 805 3877 ἀλαπαδνότεροι
827 3792 891 3878 τδρ
914 3789 1049 3859 ἔσεσθε·

194 3887 232 3973 ὃς
253 3893 291 3960 δέ
311 3891 342 3959 κ’
365 3891 444 3983 άνήρ
467 3891 537 3960 άπδ
559 3899 627 3958 τῶν
648 3889 750 3976 όχέων
772 3892 855 3979 ἕτερ’
879 3890 1008 3976 ἅρμαθ’
1031 3896 1158 3982 ἵκηται,

193 3991 279 4080 ἐτχει
303 3992 490 4085 ὀρεξάσθω,
514 3994 590 4062 ἐπεὶ
611 3987 631 4080 ή
654 3995 739 4060 πολύ
762 3991 916 4083 φέρτερον
938 3994 1049 4074 οὕτως.

193 4088 260 4164 ὦδε
282 4097 338 4164 καί
361 4094 393 4163 οἰ
415 4095 572 4184 πρότεροι
596 4093 720 4174 πόλιας
741 4096 798 4161 καί
819 4094 917 4180 τείχε’
940 4097 1120 4185 ἐπόρθεον,

192 4196 288 4266 τόνδε
308 4196 382 4267 νόον
402 4197 460 4264 καὶ
481 4196 590 4279 θυμὸν
611 4195 659 4263 ἐνί
681 4196 863 4285 στήθεσσιν
884 4195 1037 4280 έχοντες.”

141 4314 181 4353 ³1⁰
237 4325 282 4378 ως
304 4296 322 4366 δ
344 4296 447 4386 τέρων
468 4292 588 4386 δίτρυνε
609 4298 716 4365 πάλαι
738 4300 893 4386 πολέμων
914 4301 949 4368 έό
971 4300 1099 4382 τειδιός.

194 4403 251 4469 καί
272 4404 330 4469 τόν
350 4398 410 4486 μέν
431 4399 561 4489 τήθησε
581 4402 685 4468 νιδών
707 4400 822 4489 κρείων
845 4400 1072 4489 Ἀταμέμνων,
