2872 5016
529 265 553 312 2.
591 259 815 314 ΙΛΙΔΔΟΣΒ

73 450 112 490 ονε
126 418 294 489 Αἰνιαλόν
315 415 349 485 τ’
375 415 437 484 ἀνὰ
460 416 570 483 πάντα
592 416 649 481 καὶ
673 408 758 501 ἀμφ’
776 406 906 501 Ἑλίκην
928 408 1065 502 εὐρεῖαν,

125 525 188 588 τών
210 518 327 588 ἑκατόν
348 520 434 609 νηιῦν
455 511 549 607 ήρχεν
570 514 687 605 κρείων
700 510 915 597 Ἀταμέμνων

125 622 302 712 Ἀτρεΐδης.
350 619 419 705 ἅμα
440 622 489 706 τῷ
509 643 547 684 τε
569 620 653 684 πολύ
677 616 825 682 πλεῖστοι
851 612 906 680 καί
931 612 1063 702 ἀριστοι

125 725 202 791 λιιοί
226 720 352 790 ἕποντ’·
375 721 409 788 έν
432 718 463 787 δ’
488 717 587 798 αύτδς
608 718 744 785 ἐδύσετο
765 716 900 804 νώροπα
921 718 1040 800 χαλκόν

125 824 282 905 κυδιόων,
307 825 413 888 πᾶσιν
435 821 473 887 δέ
493 820 698 907 μετέπρεπεν
718 815 889 907 ἡρώεσσιν.

72 949 109 988 581
170 921 206 991 οἳ
224 920 258 989 δ’
281 916 368 1007 εἰχον
389 919 501 1008 κοίλην
523 917 765 1004 Λακεδαίμονα
787 918 975 1008 κητώεσσαν

126 1024 233 1114 Φᾶρίν
253 1049 290 1090 τε
311 1021 467 1111 Σπάρτην
488 1046 523 1088 τε
546 1020 780 1110 πολυτρήρωνά
802 1046 837 1087 τε
863 1021 1014 1111 Μέσσην,

125 1124 290 1214 Βρυσειάς
310 1121 340 1189 τ’
365 1122 517 1208 ἐνέμοντο
539 1122 595 1188 καὶ
618 1119 770 1202 Αύνειάς
790 1121 972 1211 ἐρατεινάς,

127 1229 162 1294 οἳ
181 1222 211 1291 τ>
236 1221 290 1314 ἀρ’
313 1220 478 1308 Ἀμύκλας
500 1216 586 1305 εἰχον
599 1221 696 1303 Ἕλος
717 1221 747 1290 τ’
771 1220 895 1313 ἔφαλον
917 1223 1132 1315 πτολίεθρον,

73 1355 112 1394 ωε
128 1333 162 1395 οἳ
182 1353 219 1394 τε
240 1327 344 1394 Λάαν
366 1318 451 1411 εἶχον
473 1322 527 1415 ηδ’
554 1321 691 1392 Οἴτυλον
712 1323 952 1414 ἀμφενέμοντο,
1087 1316 1090 1322 ’

125 1433 190 1496 τιῦν
209 1454 265 1497 τοι
288 1425 451 1517 ἀδελφεός
472 1419 563 1515 ήρχε,
587 1428 667 1516 βοήν
689 1423 820 1505 ἀναθδς
841 1428 1028 1508 Μενέλαος,

126 1528 282 1617 ἑξήκοντα
303 1530 396 1595 νειῦν·
420 1525 594 1615 ἀπάτερθε
617 1526 654 1594 δέ
676 1525 900 1616 θωρήσσοντο.

126 1631 161 1698 ἐν
183 1627 213 1698 δ’
238 1627 335 1709 αύτὸς
356 1628 408 1696 κίε
428 1637 505 1719 τῇσι
529 1628 742 1718 προθυμίῃσι
765 1629 958 1711 πεποιθώς,

127 1729 267 1816 ὀτρύνων
290 1729 489 1814 πολεμόνδε·
512 1728 659 1813 μάλιστα
681 1730 718 1797 δέ
739 1728 829 1799 τίετο
851 1733 951 1819 θυμῷ

72 1863 111 1902 ευο
125 1833 290 1901 τίσασθαι
309 1829 439 1920 Ἑλένης
461 1828 634 1917 ὁρμήματά
654 1855 691 1896 τε
713 1832 874 1914 στοναχάς
894 1859 938 1898 τε.

169 1928 206 2000 οἳ
225 1933 262 1999 δέ
282 1931 395 1997 Πύλον
415 1927 445 1995 τ’
468 1929 618 2013 ἐνέμοντο
640 1931 697 1997 καί
720 1929 856 2022 Ἀρήνην
878 1934 1044 2024 ἐρατεινήν

126 2032 184 2099 καὶ
210 2031 314 2122 Θρύον
334 2029 507 2121 Ἀλφειοῖο
529 2031 632 2118 πόρον
653 2034 710 2099 καί
733 2032 879 2101 ἐύκτιτον
901 2033 1017 2117 Αἰπέ,

127 2136 185 2201 καί
207 2133 483 2222 Κυπαρισσήεντα
505 2133 561 2200 καί
582 2129 817 2224 Ἀμφιτένειαν
838 2132 948 2203 έναιον

127 2236 184 2303 καὶ
205 2234 350 2302 Πτελεὸν
371 2232 429 2300 καί
442 2231 540 2313 Ἕλος
561 2237 618 2300 καί
640 2235 784 2322 Δώριον,
809 2234 894 2304 ἔνθα
915 2264 951 2305 τε
971 2241 1093 2324 μοῦσαι

72 2371 111 2412 595
126 2334 301 2422 ἀντόμεναι
326 2334 474 2425 Θάμυριν
496 2337 553 2403 τόν
577 2335 706 2424 Θρήικα
729 2346 861 2405 παῦσαν
883 2337 1012 2430 ἀοιδῆς,

127 2436 330 2528 Οἰχαλίηθεν
352 2434 443 2504 ἰόντα
466 2433 546 2526 παρ’
570 2434 716 2524 Εύρύτοῦ
740 2435 918 2528 Οἰχαλιῆος

125 2543 257 2621 (στεῦτο
278 2540 340 2628 τδρ
362 2535 535 2623 εύχόμενος
556 2538 738 2627 νικησέμεν,
763 2536 799 2606 εἰ
816 2567 879 2626 περ
903 2537 942 2608 ἀν
965 2540 1062 2609 αύταί

124 2645 246 2728 μοῦσαι
269 2637 426 2722 ἀείδοιεν,
449 2646 564 2728 κοῦραι
587 2641 673 2720 Διὸς
696 2638 877 2724 αἰτιόχοιο·

127 2740 166 2811 αἳ
186 2745 222 2811 δέ
242 2741 469 2827 χολωσάμεναι
492 2744 597 2830 πηρὸν
619 2740 735 2824 θέσαν,
758 2741 861 2833 αύτάρ
884 2744 1004 2836 ἀοιδήν

72 2876 112 2917 ιω
125 2843 311 2934 θεσπεσίην
332 2841 493 2934 ἀφέλοιτο
515 2843 572 2910 καί
594 2844 777 2913 ἐκλέλαθον
795 2847 1026 2937 κιθαριστύν),

125 2949 188 3013 τιῦν
210 2941 290 3014 αὖθ’
313 2944 487 3035 ἡγεμόνευε
512 2946 667 3034 Γερήνιος
688 2944 822 3016 ἰππότα
844 2949 992 3039 Νέστωρ,

124 3051 173 3136 τῷ
196 3044 228 3114 δ’
250 3046 439 3136 ἐνενήκοντα
460 3047 626 3136 τλαφυραί
648 3046 716 3128 νέες
737 3048 942 3131 ἐστιχόωντο.

167 3145 204 3216 οἳ
224 3146 257 3215 δ’
279 3145 353 3231 έχον
379 3145 554 3238 Ἀρκαδίην
575 3147 643 3215 ύπδ
664 3149 832 3239 Κυλλήνης
854 3147 930 3237 δρας
952 3149 1050 3233 αἰπύ,

124 3249 299 3319 Αἰπύτιον
320 3250 414 3334 παρὰ
434 3249 568 3334 τύμβον,
592 3247 633 3316 ἵν’
658 3247 769 3340 ἀνέρες
789 3247 1023 3344 ἀνχιμαχηταί,

72 3379 112 3419 τοι
127 3349 164 3421 οἳ
183 3351 303 3419 Φενεόν
324 3347 355 3417 τ’
378 3349 529 3434 ἐνέμοντο
550 3351 607 3418 καί
625 3348 815 3441 Ὀρχομενόν
835 3354 1025 3445 πολύμηλον

120 3452 235 3545 Ῥίπην
255 3478 292 3520 τε
312 3451 475 3541 Στρατίην
494 3477 531 3519 τε
552 3453 610 3520 καὶ
631 3448 832 3542 η’νεμόεσσαν
851 3452 1018 3547 Ἐνίσπην,

123 3556 180 3623 καί
208 3555 328 3644 Τετέην
350 3547 435 3641 εἰχον
456 3555 513 3622 καί
535 3554 722 3645 Μαντινέην
742 3555 921 3648 ἐρατεινήν,

124 3655 319 3748 Στύμφηλόν
338 3653 369 3722 τ’
393 3649 481 3739 εἰχον
502 3657 558 3723 καὶ
579 3656 773 3746 Παρρασίην
794 3658 954 3745 ἐνέμοντο,

124 3761 188 3826 τών
207 3751 278 3848 ἦρχ’
301 3753 476 3826 Ἀτκαίοιο
498 3757 583 3836 πάις
604 3755 721 3846 κρείων
741 3756 936 3852 Ἀναπήνωρ

70 3887 111 3928 τω
124 3859 281 3950 ἐξήκοντα
301 3866 396 3926 νεῶν·
417 3859 536 3940 πολέες
558 3857 591 3926 δ’
613 3859 647 3927 ἐν
667 3860 721 3948 νηί
741 3862 883 3954 νεκάστη

124 3961 283 4051 Ἀρκάδες
305 3957 420 4050 ἀνδρες
440 3958 585 4048 ἔβαινον,
608 3961 825 4049 ἐπιστάμενοι
847 3966 1047 4053 πολεμίζειν.

124 4063 223 4144 αύτὸς
243 4061 306 4152 κάρ
329 4086 409 4152 σφιν
431 4061 535 4131 έδωκι
554 4064 659 4146 τάναξ
680 4064 805 4156 ἀνδρῶν
828 4063 1042 4154 Ἀταμέμνων

123 4170 203 4257 νῆας
223 4146 421 4248 ἐυσσέλμους
440 4167 568 4256 περάαν
589 4166 649 4234 ἐπὶ
671 4167 813 4236 εοίνοπα
836 4170 969 4250 πόντον,

130 4328 133 4334 ι
145 4325 275 4333 -..-.----
280 4325 331 4332 ..υ-

160 4391 209 4444 580
227 4386 319 4447 οὕνεκ’
334 4387 449 4462 ἀριστος
461 4385 509 4454 lav
517 4426 524 4451 ,
539 4389 612 4444 πολὺ
624 4390 654 4444 δέ
668 4392 816 4452 πλείστους
828 4390 878 4447 ἀνι
891 4391 981 4454 λαούς.
