2872 5016
575 344 617 390 24.
655 340 839 392 ΙΛΙΔΔΟΣ
857 343 880 393 Ω

122 528 124 564 ;
177 490 357 578 βούλομαι·
380 490 499 560 αότίκα
519 493 583 583 τάρ
604 519 646 578 με
667 489 907 582 κατακτείνειεν
927 491 1095 579 Ἀχιλλεύς

177 588 280 673 άτκάς
301 590 406 664 ἑλόντ’
428 594 505 679 ἐμδν
525 591 604 676 υἱόν,
627 594 712 685 ἐπήν
732 595 811 664 νόου
833 595 870 679 ἐξ
890 593 962 683 έρον
983 595 1078 687 είην.”

217 687 248 782 ή,
271 694 329 762 καί
351 697 532 786 φωριαμῶν
553 693 753 785 ἐπιθήματα
774 694 848 764 κάλ’
871 694 1023 788 άνέῳτεν,

176 790 272 863 ἐνθεν
294 795 424 864 δυόδεκα
445 797 504 882 μέν
525 796 744 888 περικαλλέας
765 796 854 881 έξελε
874 799 1037 881 πέπλους,

122 923 161 964 ιεο
176 897 305 965 δώδεκα
329 895 360 965 δ’
383 896 549 978 ἁπλοΐδας
569 897 710 982 χλαίνας,
733 900 871 981 τόσσους
894 902 931 968 δέ
952 901 1113 992 τάπητας,

174 996 279 1068 τόσσα
301 1001 338 1069 δέ
360 999 467 1091 φάρεα
489 1000 586 1083 καλά,
609 999 727 1080 τόσους
749 997 781 1068 δ’
804 1001 863 1069 ἐπὶ
884 1007 972 1070 τοῖσι
992 1010 1142 1086 χιτῶνας.

173 1104 295 1189 χρυσοῦ
317 1103 354 1171 δὲ
375 1103 497 1193 στήσας
518 1101 631 1194 έφερεν
654 1102 736 1170 δέκα
756 1102 867 1170 πάντα
888 1103 1044 1184 τάλαντα,

175 1203 211 1269 ἐκ
234 1204 271 1270 δέ
292 1201 343 1271 δί’
367 1203 518 1285 α’ίθωνας
539 1202 716 1287 τρίποδας,
740 1201 884 1292 πίσυρας
905 1204 942 1271 δὲ
962 1203 1117 1293 λέβητας,

175 1301 211 1369 ἐκ
235 1304 273 1371 δέ
297 1304 403 1385 δέπας
425 1303 628 1396 περικαλλές,
654 1302 748 1374 ὀτοι
772 1308 897 1396 Θρῇκες
919 1305 1025 1393 πόρον
1046 1301 1161 1393 άνδρες

122 1424 161 1466 ιεε
175 1401 302 1494 ἐξεσίην
324 1406 471 1490 ἐλθόντι,
493 1405 578 1492 μέτα
599 1407 729 1494 κτέρας·
752 1404 830 1475 οόδέ
849 1433 885 1475 νυ
907 1409 966 1475 τοῦ
986 1431 1050 1493 περ

173 1502 307 1593 φείσατ’
329 1506 378 1575 ένί
398 1507 556 1596 μετάροις
578 1503 597 1575 ὁ
619 1506 735 1596 κέρων,
758 1509 837 1596 περὶ
860 1505 894 1575 δ’
914 1504 1018 1598 ἤθελε
1038 1511 1140 1596 θυμῷ

174 1607 343 1677 λύσασθαι
366 1608 465 1700 φίλον
485 1606 566 1678 υἱόν.
611 1604 631 1676 ὃ
653 1608 690 1677 δέ
717 1612 830 1699 Τρῶας
850 1609 909 1695 μέν
931 1607 1081 1688 ἅπαντας

175 1706 339 1798 αίθοόοης
362 1707 521 1799 άπέτεριε
542 1707 680 1776 τέπεσσ’
703 1707 888 1800 αἰσχροῖσιν
910 1709 1055 1778 ἐνίσσων.

170 1804 330 1898 ((τέρρετε,
353 1813 538 1900 λωβητῆρες
558 1808 710 1892 έλαχέες.
735 1806 774 1876 οῗί
795 1836 831 1876 νυ
853 1809 910 1876 καὶ
931 1806 1006 1894 ὑμῖν

122 1934 161 1974 ειο
173 1909 286 1976 τοίκοι
309 1908 414 1978 ἔνεστι
436 1910 524 1992 νόος,
548 1909 601 1979 άτι
621 1908 660 1995 μ’
681 1905 804 2000 ἤλθετε
825 1908 1035 1999 κηδήσοντεςς

173 2002 195 2098 ἦ
218 2007 382 2079 ὀνόσασθ’
406 2011 458 2079 ὅτι
478 2036 539 2095 μοι
561 2009 723 2100 Κρονίδης
744 2010 828 2089 Ζεδς
850 2005 941 2095 ὀίλχέ
963 2006 1095 2090 έδωκεν,

174 2108 272 2178 παῖδ’
295 2110 410 2181 ὀλέσαι
430 2113 488 2179 τδν
510 2109 659 2202 ὀριστον,
681 2108 764 2198 άτοὶρ
785 2107 955 2179 τνιόσεσθε
976 2111 1033 2178 καὶ
1055 2105 1171 2196 ὀμμες·

174 2211 320 2302 ρηίτεροι
341 2215 403 2302 τδρ
423 2215 548 2299 μᾶλλον
571 2211 755 2298 Ἀχαιοῖσιν
777 2213 816 2301 δή
840 2208 962 2280 ἔσεσθε

173 2313 280 2383 κείνου
302 2317 489 2404 τεθνηῶτος
510 2305 685 2402 ἐναιρέμεν.
731 2310 833 2401 αότάρ
855 2311 921 2380 ἐτοί
941 2339 988 2396 τε,

122 2446 160 2486 ειε
174 2416 254 2503 πρὶν
275 2413 527 2505 ἀλαπαζομένην
547 2441 585 2483 τε
605 2416 706 2484 πόλιν
726 2413 956 2504 κεραϊζομένην
975 2439 1013 2482 τε

174 2513 385 2608 ὀφθαλμοῖσι
405 2519 521 2599 τιδεῖν,
543 2514 642 2607 βαίην
664 2515 767 2602 δόμον
785 2513 925 2596 ’Άτιδος
947 2511 1055 2584 ε’ίσω.”

216 2613 250 2707 ἦ,
276 2618 334 2686 καί
355 2617 529 2708 σκηπανίῳ
552 2615 644 2686 δίεπ’
668 2617 796 2705 ὀνέρας·
820 2613 857 2685 οἳ
876 2613 907 2685 δ’
930 2614 1007 2685 ἴσαν
1028 2613 1090 2700 ἔξω

173 2720 413 2809 σπερχομένοιο
433 2722 593 2810 τέροντος.
639 2716 658 2788 ὃ
681 2717 713 2787 δ’
733 2716 828 2786 υίάσι
848 2724 957 2788 τοῖσιν
979 2715 1120 2805 ὁμόκλα,

172 2819 317 2890 νεικείων
339 2820 471 2890 Ἕλενόν
491 2848 527 2890 τε
548 2822 657 2911 Πάριν
677 2817 707 2888 τ’
730 2818 911 2889 Ἀτάθωνά
931 2844 968 2887 τε
990 2821 1062 2887 δῖον

122 2952 161 2991 πο
175 2922 342 3008 Πάμμονά
362 2921 393 2990 τ’
416 2921 609 3015 Ἀντίφονόν
628 2949 665 2991 τε
685 2922 766 3012 βοήν
787 2918 919 2990 άταθόν
938 2945 976 2988 τε
996 2917 1142 3010 Πολίτην

173 3023 349 3116 Δηΐφοβόν
368 3052 405 3093 τε
425 3026 483 3093 καί
501 3023 688 3094 Ἱππόθοον
709 3023 767 3090 καί
789 3029 873 3090 AEov
899 3019 1030 3090 άταυόν.

172 3127 263 3196 έννέα
284 3133 355 3208 τοῖς
377 3126 395 3197 δ
416 3128 549 3218 τεραιδς
571 3123 753 3215 ὁμοκλήσας
774 3123 918 3194 ἐκέλευεν

166 3227 358 3298 ((σπεάσατέ
377 3255 448 3314 μοι,
471 3229 558 3296 κακά
578 3227 685 3309 τέκνα,
708 3225 899 3317 κατηφόνες.
945 3221 1017 3293 εἴθ’
1041 3223 1110 3312 ἅμα
1132 3224 1253 3307 πάντες

173 3330 330 3419 Ἕκτορος
351 3329 489 3424 ὠφέλετ’
513 3330 586 3401 ἀντὶ
607 3332 695 3422 θοῇς
715 3330 773 3399 ἐπὶ
795 3328 890 3418 νηυσὶ
911 3325 1103 3419 πεφάσθαι.

122 3462 157 3502 ιω
172 3429 199 3500 δι’
219 3460 280 3518 μοι
301 3434 366 3503 ἐτιδ
387 3434 618 3519 πανάποτμος,
640 3432 718 3502 ἐπεὶ
738 3431 832 3501 τέκον
852 3421 928 3510 υἷας
948 3425 1102 3519 ἀρίστους

176 3534 277 3627 Τροίη
299 3535 334 3604 ἐν
355 3533 471 3628 εόρείη,
493 3537 558 3604 τῶν
580 3532 612 3603 δ’
634 3530 673 3604 οό
692 3533 768 3602 τινά
790 3559 878 3624 φημι
898 3533 1092 3622 λελεῖφθαι,

172 3636 338 3728 Μήστορά
358 3634 390 3704 τ’
413 3635 568 3708 άντίθεον
589 3637 646 3705 καὶ
673 3634 816 3729 Τρωίλον
838 3633 1069 3723 ἱππιοχάρμην

171 3737 313 3829 Ἕκτορά
333 3736 383 3820 θ’,
407 3735 445 3820 δς
465 3740 548 3821 θεδς
569 3737 646 3808 έσκε
666 3737 737 3824 μετ’
761 3736 926 3829 άνδράσιν,
951 3732 1027 3805 οὐδὲ
1047 3735 1204 3824 τετηίκειν

173 3837 291 3929 άνδρός
310 3866 348 3909 τε
369 3844 493 3932 θνητοῦ
514 3840 599 3923 πάις
619 3839 756 3927 ἔμμεναι
779 3837 862 3909 άλλδ
883 3843 991 3908 θεοῖο.
1189 3896 1192 3900 ,

122 3977 157 4017 τεο
170 3943 248 4023 τοδς
267 3942 328 4028 μὲν
348 3939 498 4011 ὀποίλεσ’
516 3938 624 4033 Ἄρης,
646 3942 689 4009 τά
711 3938 745 4009 δ’
767 3941 899 4025 ἐλέτχεα
921 3939 1032 4008 πάντα
1053 3938 1236 4020 λέλειπται,

170 4044 316 4134 ψεῦσταί
335 4042 372 4112 τ’·
390 4042 548 4135 ὀρχησταί
567 4070 619 4126 τε,
642 4043 894 4135 χοροιτυπίῃσιν
916 4039 1062 4133 ὀίριστοι,

170 4154 298 4238 ταρνοῖν
318 4143 374 4237 η’δ’
396 4145 521 4237 ἐρίφων
542 4145 721 4236 ἐπιδήμιοι
743 4142 958 4237 ἁρπακτῆρες.

171 4244 229 4316 οόκ
251 4243 292 4316 ὀίν
314 4247 356 4337 δή
377 4274 437 4334 μοι
459 4243 589 4334 άμαξαν
610 4243 851 4339 ἐφοπλίσσαιτε
871 4246 1026 4332 τάχιστα,

170 4351 273 4420 ταῦτά
295 4377 332 4421 τε
353 4350 453 4421 πάντ’
475 4351 643 4436 ἐπιθεῖτε,
665 4353 720 4420 ἵνα
741 4350 940 4443 πρήσσωμεν
962 4347 1057 4417 ὁδοῖο
1062 4343 1094 4430 ,·”

122 4475 156 4517 ιω
214 4445 260 4534 ὧς
280 4450 402 4543 ἔφαθ’·
425 4451 462 4523 δι’
479 4451 512 4522 δ’
534 4449 598 4542 ὀίρα
619 4453 746 4542 πατρὸς
766 4449 1004 4532 ὑποδείσαντες
1026 4445 1168 4539 ὁμοκλήν

1019 4560 1071 4609 25*
