2872 5016
190 241 254 306 144
600 244 624 290 ε.
661 239 876 291 ιοιιεοει

189 391 269 463 άλλο
292 392 325 460 δ’
347 393 394 462 ἐνὶ
417 394 591 482 προδόμῳ,
616 391 766 482 πρόσθεν
787 393 960 479 θαλάμοιο
983 392 1127 482 θυράων.

190 494 257 563 ἀλλ’
280 495 335 563 ὅτε
357 497 398 584 δή
422 495 541 585 δεκάτη
563 521 624 579 μοι
646 495 796 584 ἐπήλυθε
818 497 874 578 νῦξ
894 495 1055 586 ἐρεβεννή,

135 625 175 665 οε
189 599 245 666 καί
266 595 338 666 τότ’
360 598 424 665 ἐνῶ
446 596 617 681 θαλάμοιο
638 597 747 685 θύρας
768 600 914 678 πυκινῶς
934 595 1092 686 ἀραρυίας

189 700 289 790 ῥήξας
310 700 462 790 ἐξῆλθον,
485 699 542 767 καὶ
564 696 755 789 ὑπέρθορον
777 698 884 788 ἑρκίον
907 697 1009 789 αὐλῆς

189 808 275 891 ῥεῖα,
298 804 414 869 λαθών
434 799 584 893 φύλακάς
604 798 635 867 τ’
659 797 780 890 ῦνδρας
802 800 916 886 δμωάς
936 827 973 868 τε
992 806 1156 883 νυναῖκας.

189 908 308 996 φεῦνον
330 902 437 972 ἔπειτ’
462 900 634 971 ἀπάνευθε
657 901 705 972 δι’
723 903 879 983 Ἑλλάδος
902 900 1106 993 εὐρυχόροιο,

190 1006 302 1096 Φθίην
325 1005 357 1074 δ’
379 1005 534 1095 ἐξικόμην
555 1006 754 1095 ἐριβώλακα,
776 1007 902 1095 μητέρα
923 1005 1048 1095 μήλων,

135 1136 175 1174 ιεο
190 1110 224 1190 ἐς
244 1111 361 1200 Πηλῆα
383 1105 533 1190 τάναχθ’.
580 1104 598 1176 ὃ
621 1109 659 1176 δέ·
679 1134 722 1194 με
743 1108 903 1199 πρόφρων
923 1105 1101 1190 ὑπέδεκτο,

189 1209 247 1279 καί
268 1237 309 1296 με
331 1208 444 1301 φίλησ’
469 1207 513 1291 ῶς
536 1209 624 1279 εἴτε
646 1213 755 1299 πατήρ
777 1212 835 1278 εδν
858 1211 966 1277 παῖδα
987 1209 1113 1301 φιλήση
1177 1237 1182 1255 ¹

188 1316 305 1399 μοῦνον
325 1313 499 1402 τηλόνετον
521 1314 694 1379 πολλοῖσιν
716 1311 775 1379 ἐπὶ
797 1311 997 1392 κτεάτεσσιν,

189 1413 247 1482 καί
267 1412 303 1500 μ’
328 1412 465 1505 ἀφνειὸν
487 1410 602 1503 ἔθηκε,
627 1415 730 1480 πολῦν
752 1414 790 1481 δέ·
811 1440 868 1498 μοι
892 1410 1008 1480 ῶπασε
1029 1412 1123 1480 λαόν·

189 1522 279 1584 ναῖον
301 1513 335 1582 δ’
359 1514 512 1602 ἐσχατιήν
536 1512 661 1604 Φθίης,
685 1515 880 1584 Δολόπεσσι
901 1515 1082 1584 εανάσσων.

135 1640 174 1680 ιω
190 1616 248 1685 καί
270 1642 307 1685 σε
328 1618 485 1684 τοσοῦτον
506 1612 627 1704 ἔθηκα,
651 1621 745 1695 θεοῖς
767 1617 946 1686 ἐπιεείκελ
968 1615 1131 1700 Ἀχιλλεῦ,

189 1720 225 1786 ἐκ
247 1721 359 1804 θυμοῦ
381 1718 518 1808 φιλέων,
542 1717 617 1785 ἐπεὶ
641 1715 699 1786 οῦκ
721 1718 894 1801 ἐθέλεσκες
916 1717 975 1806 ἀμ’
998 1716 1086 1808 ἀλλην

189 1817 258 1888 οὔτ’
281 1819 315 1900 ἐς
338 1817 425 1887 δαῖτ’
448 1816 532 1888 ἰέναι
554 1818 623 1889 οὔτ’
645 1821 678 1888 έν
699 1822 874 1911 μετάρσιοι
896 1821 1094 1903 πάσασθαι,

188 1920 267 2010 πρίν
288 1919 321 1989 τ’
344 1920 399 1990 ὅτε
422 1921 462 2011 δή
486 1920 516 1990 σ’
540 1921 597 1991 ἐπ’
619 1924 748 2009 ἐμοῖσιν
770 1925 833 1992 ε’νῶ
856 1924 1007 1991 νοάνεσσι
1029 1921 1198 2002 καθίσσας

189 2022 277 2115 ῦψου
299 2023 331 2092 τ’
354 2022 474 2111 ἀσαιμι
497 2028 676 2114 προταμῶν
699 2028 754 2095 καί
776 2033 884 2095 εοῖνον
905 2025 1059 2110 ἐπισχών.

136 2159 176 2199 ιεο
192 2127 337 2195 πολλάκι
359 2155 417 2213 μοι
440 2128 638 2208 κατέδευσας
659 2128 719 2196 ἐπὶ
741 2128 904 2218 στήθεσσι
926 2131 1048 2210 χιτῶνα

188 2229 299 2298 εοίνου
322 2228 518 2316 ἀποβλύζων
539 2230 573 2298 ἐν
594 2231 715 2320 νηπιέη
738 2227 895 2321 άλετεινῇ.

190 2324 234 2412 ῶς
256 2333 315 2401 ἐπὶ
339 2331 392 2398 σοί
414 2332 504 2415 μάλα
527 2333 637 2399 πολλὰ
659 2333 773 2400 πάθον
795 2333 853 2399 καὶ
876 2333 985 2400 πολλά
1006 2332 1148 2424 μόνησα,

188 2434 229 2500 τά
252 2433 408 2524 φρονέων,
433 2431 452 2495 ὅ
472 2458 532 2516 μοι
555 2430 594 2498 οῦ
614 2458 648 2499 τι
670 2433 749 2499 θεοί
771 2433 867 2499 τόνον
888 2434 1066 2516 ἐξετέλειον

190 2537 226 2616 ἐξ
246 2534 336 2620 ἐμεῦ·
360 2531 444 2599 ἀλλά
466 2533 503 2598 σε’
525 2534 648 2615 παῖδα,
671 2539 766 2613 θεοῖς
788 2532 968 2602 ἐπιεείκελ’
992 2533 1154 2618 Ἀχιλλεῦ,

136 2667 175 2708 495
191 2636 366 2724 ποιεύμην,
389 2637 443 2702 ἵνα
465 2632 525 2717 μοί
546 2631 623 2700 ποτ’
648 2631 782 2703 ἀνεικέα
804 2638 917 2705 λοινδν
939 2635 1069 2726 ἀμύνης.

192 2736 258 2811 ἀλλ’
282 2735 413 2823 Ἀχιλεῦ
437 2736 586 2821 δάμασον
608 2739 716 2822 θυμόν
737 2738 849 2823 μέν-αν,
874 2736 951 2806 οόδέ
970 2737 1005 2805 τί
1026 2764 1064 2807 σε
1084 2742 1143 2831 χρή

190 2842 298 2932 νηλεές
319 2834 397 2929 ήτορ
420 2836 519 2924 ἐχειν·
542 2842 697 2926 στρεπτοὶ
722 2839 760 2907 δέ
780 2865 816 2907 τε
838 2842 896 2907 καί
917 2842 996 2909 θεοί
1020 2839 1127 2924 αὐτοί,

190 2946 253 3011 τῶν
275 2969 337 3032 περ
360 2944 417 3010 καί
438 2940 559 3028 μείζων
582 2938 678 3032 ἀρετή
702 2943 781 3032 τιμή
803 2969 839 3009 τε
861 2942 918 3032 βίη
941 2970 985 3010 τε.

190 3045 247 3114 καὶ
268 3047 330 3135 μήν
352 3047 428 3126 τοῦς
449 3046 588 3114 θυέεσσι
611 3046 668 3112 καί
692 3042 832 3137 εῦχωλής
854 3043 1012 3136 ἀνανῇσιν

137 3172 176 3213 εοο
189 3151 289 3239 λοιβῇ
310 3174 346 3215 τε
368 3147 460 3240 κνίση
482 3176 518 3217 τε
540 3145 788 3239 παρατρωπῶσ’
813 3145 988 3239 ἀνθρωποι
1037 3219 1041 3227 ,

190 3251 395 3334 λισσόμενοι,
421 3252 475 3320 ὅτε
496 3253 551 3321 κέν
571 3279 624 3332 τις
647 3251 794 3344 ῦπερβήη
817 3254 875 3321 καί
898 3248 1037 3342 άμάρτη.

190 3353 248 3419 καὶ
268 3351 331 3437 νάρ
353 3377 389 3418 τε
409 3353 501 3420 λιταί
523 3354 588 3423 εἰσι
611 3359 696 3436 Διός
718 3362 835 3448 κοῦραι
855 3357 1028 3443 μενάλοιο,

189 3451 294 3537 χωλαί
314 3478 350 3519 τε
372 3451 469 3539 ῥυσαί
490 3479 526 3520 τε
548 3458 775 3544 παραβλῶπές
795 3457 827 3525 τ’
851 3457 1033 3548 ὀφθαλμώ,

191 3559 229 3624 αἵ
249 3555 290 3646 ῥά
312 3555 426 3621 τεκαὶ
447 3553 636 3637 μετόπισθ’
660 3552 739 3646 άτης
761 3557 914 3626 ἀλέτοοσι
936 3559 1079 3626 κιοῦσαι.

137 3657 210 3747 ωεή
235 3658 266 3726 δ’
289 3655 349 3746 ἀτη
373 3657 517 3747 σθεναρή
539 3684 575 3724 τε
597 3658 654 3725 καὶ
678 3655 831 3745 ἀρτίπος,
856 3657 971 3726 οὕνεκα
995 3660 1107 3741 πάσας

192 3763 315 3830 πολλόν
336 3757 581 3847 ὑπεκπροθέει,
605 3760 732 3852 φθάνει
755 3761 792 3830 δέ
811 3787 847 3828 τε
869 3764 981 3829 πάσαν
1002 3760 1060 3832 ἐπ’
1083 3757 1159 3831 αἶαν

190 3860 375 3951 βλάπτουσ’
400 3859 614 3951 ἀνθρώπους·
639 3859 679 3930 αἳ
698 3860 729 3930 δ’
752 3863 942 3945 ἐξακέονται
965 3862 1105 3934 ὀπίσσω.

192 3963 229 4048 ὃς
249 3966 307 4053 μέν
328 3963 358 4032 τ’
384 3964 555 4033 αἰδέσεται
578 3966 695 4053 κούρας
716 3968 801 4046 Διὸς
823 3960 924 4035 ἀσσον
946 3965 1073 4052 ίοόσας,

191 4070 249 4136 τόν
271 4069 308 4137 δὲ
328 4064 404 4155 μέν’
429 4063 556 4156 ι’ίνησαν
577 4067 635 4134 καί
655 4094 691 4135 τε
713 4068 811 4137 κλόον
833 4065 1035 4157 εῦχομένοιο·

138 4194 178 4235 ειν
194 4165 230 4252 ὃς
254 4171 292 4239 δέ
312 4169 342 4236 κ’
367 4167 521 4261 ἀνήνηται
543 4167 601 4234 καί
621 4197 657 4237 τε
679 4174 816 4262 στερεῶς
839 4168 1027 4264 ἀποεείπη,

193 4272 362 4341 λίσσονται
386 4269 418 4338 δ’
441 4268 505 4360 ι’ίρα
527 4267 585 4337 ταί
605 4297 642 4338 νε
664 4272 734 4342 Δία
756 4274 929 4363 Κρονίωνα
951 4279 1086 4344 κιοῦσαι

192 4377 239 4465 τῷ
262 4370 341 4463 ι’ίτην
365 4371 423 4457 ἀμ’
446 4374 608 4456 ἕπεσθαι,
631 4377 685 4441 ἵνα
706 4377 875 4468 βλαφθεὶς
897 4374 1053 4467 ἀποτίση.
